2475 3775
529 182 660 232 orno.
1040 177 1112 242 213¹<
1190 259 1193 268 Δ

106 338 207 410 litavit,
220 355 284 397 cum
294 338 346 398 tali
357 340 503 399 sacrificio
515 330 660 400 contraria
673 347 741 398 exta
754 342 869 419 potiora
881 343 955 420 sint,
968 351 997 402 et
1008 345 1101 423 primo
1227 399 1228 410 ,

105 439 230 498 egressu
241 422 472 483 inundationibus
484 418 599 485 liberis
609 423 790 501 retardatus,
803 418 839 484 ad
851 427 1042 487 ¹vicensimum
1058 439 1099 489 et·
1204 435 1208 442 “
1227 487 1228 490 ,

11 569 14 574 ,
105 508 161 566 iam
171 505 298 585 lapidem
311 509 394 567 ruina
406 506 603 568 aedificiorum
615 507 797 586 praeclusam
808 510 884 570 viam
898 510 1028 572 offendit.
1055 513 1097 572 Si·
1116 522 1134 575 9

103 590 164 649 mili
174 592 348 669 temeritate,
362 594 492 669 quarm
506 588 622 651 dubium
640 591 746 650 nemini
764 595 846 654 essct
863 595 933 672 'quin
949 594 1027 672 t'rabi
1040 593 1102 656 bel·
1227 639 1228 670 2

81 674 163 736 alum
174 682 338 754 oporteret,
350 675 465 753 qnando
478 683 509 734 et
524 675 600 735 lame
613 677 796 752 et-angustiis
806 677 937 738 locorum
950 687 1103 756 urgeretur
1127 715 1134 756 ¹,

103 758 209 835 bostis,
222 775 307 836 qnam
318 760 438 838 primum
449 769 545 820 tamen
562 758 717 819 decertare
733 763 847 838 statuit,
867 763 930 822 sive
941 764 1102 842 'impatiens

102 843 248 920 longioris
260 841 464 904 sollicitudinis
477 851 660 924 speransque
675 853 741 905 ante
754 845 856 905 Vitelli
869 845 1022 907 adventum
1035 865 1102 926 pro-

102 927 199 1003 fligari
218 926 368 1005 plurimum
380 946 482 1008 posse,
495 929 559 1003 sire
570 927 794 1007 imparmilitum
806 928 903 990 ardori
916 948 1042 1010 pugnam
1052 931 1101 990 de·
1149 977 1161 990 ,

102 1014 294 1091 poscentium.
324 1011 352 1071 N
354 1012 454 1091 eculli
465 1029 582 1092 pugnae
592 1009 673 1072 alluit
684 1010 870 1092 substititque
882 1013 1014 1074 Brixelli.

65 1117 94 1157 ro
165 1093 204 1154 llt
215 1095 306 1154 tribus
316 1095 433 1174 quidem
452 1115 553 1156 verum
568 1095 765 1156 mediocribus
786 1098 898 1176 proelis
917 1097 993 1178 apud
1006 1099 1102 1178 Alpes

102 1182 237 1259 circaque
247 1179 424 1242 Placentiam
436 1190 466 1240 et
476 1180 512 1240 ad
524 1179 669 1254 Castoris,
679 1180 756 1258 quod
768 1181 834 1241 loco
854 1200 960 1243 nomen
977 1193 1039 1261 est,
1058 1185 1101 1242 ri·

102 1265 156 1332 cit;
172 1265 333 1323 novissimo
348 1263 630 1343 maximoqueapud
647 1263 810 1324 Betriacum
828 1263 930 1326 fraude
942 1277 1102 1346 superatus

101 1357 157 1425 est,
169 1365 234 1408 cum
245 1366 300 1426 spe
311 1349 460 1427 conloquii
475 1348 568 1424 lacta,
582 1350 664 1425 quasi
677 1347 713 1410 ad
728 1347 923 1409 conditionem
934 1353 1016 1430 pacis
1030 1351 1101 1412 mili·

100 1431 177 1490 tibus
189 1431 313 1508 eductis,
326 1450 364 1491 ex
374 1434 624 1512 inproviso'atque
640 1431 669 1490 in
688 1427 753 1512 ipsa
773 1431 1004 1495 consalutatione
1022 1433 1101 1494 dimi-

64 1533 92 1573 15
102 1515 223 1576 candum
235 1516 348 1576 luisset.
380 1517 427 1577 Ac
442 1519 536 1577 statim
554 1515 696 1582 moriendi
713 1519 852 1597 impetum
864 1519 960 1598 cepit,
976 1526 1007 1576 ut
1021 1518 1103 1579 multi
1117 1537 1123 1555 ‘

27 1629 30 1635 ,
100 1618 157 1660 nec
172 1601 277 1660 frustra
290 1601 455 1681 opinantur,
467 1601 562 1678 magis
574 1599 735 1678 pudorenc
743 1608 823 1662 tanto
834 1619 931 1662 rerum
942 1601 1101 1663 bominum-

101 1703 158 1762 que
170 1683 301 1764 periculo
314 1685 537 1746 dominationem
549 1684 605 1744 sibi
618 1684 755 1746 asserere
775 1695 998 1764 perseveraret,
1017 1703 1103 1766 quam

101 1767 309 1848 desperatione
320 1768 379 1828 ulla
391 1777 440 1828 aut
450 1767 610 1828 diffidentia
619 1767 785 1848 copiarum;
800 1771 910 1850 quippe
921 1771 1046 1830 residuis
1058 1773 1101 1829 iu-

98 1853 253 1932 tegrisque
265 1853 351 1913 etiam
364 1870 440 1912 nunc
451 1869 524 1931 quas
536 1869 636 1912 secum
649 1851 685 1913 ad
704 1852 850 1914 secundos
869 1872 954 1915 casus
974 1853 1101 1915 detinue·
1123 1877 1132 1893 ⁸

61 1955 92 1997 ao
102 1945 157 2014 rat,
170 1945 200 1997 et
211 1936 560 2016 supervenientibusaliis
577 1936 748 1997 eDalmatia
757 1936 963 2017 Pannoniaque
980 1947 1010 1997 et
1021 1938 1101 1999 llos:
1136 1932 1145 1947 ”

108 2022 162 2099 sia,
174 2039 212 2080 ne
221 2022 308 2081 victis
319 2020 433 2099 quidem
443 2019 518 2081 adeo
529 2015 645 2081 afflictis
656 2030 688 2082 nt
703 2039 760 2081 non
775 2024 804 2082 in
820 2022 958 2083 ultionem
979 2024 1100 2101 ignomi-

99 2106 166 2165 niae
177 2104 293 2184 quidvis
304 2104 478 2167 discriminis
493 2105 570 2190 ultro
581 2114 611 2164 et
622 2106 671 2167 vel
685 2103 768 2165 solae
778 2106 917 2167 subirent.

162 2187 295 2249 luterluit
310 2189 377 2251 bule
391 2189 473 2250 bello
486 2198 573 2269 pater
583 2206 666 2252 meus
684 2189 839 2252 Suetonius
855 2190 977 2268 Laetus,
996 2190 1100 2253 tertiae
1108 2201 1143 2253 10
1183 2212 1190 2231 r

100 2272 232 2333 decimae
243 2274 373 2351 legionis
382 2273 515 2336 tribunus
529 2274 769 2351 angustiolavius.
792 2274 821 2336 ls
832 2293 901 2337 mox
911 2275 1024 2337 referre
1037 2294 1100 2337 cre·

63 2357 158 2417 asbro
176 2357 301 2436 solebat,
318 2358 461 2420 Othonem
472 2360 558 2419 etiam
570 2360 817 2438 privatumnsque
836 2360 911 2421 adeo
929 2360 1101 2421 detestatum

103 2442 201 2503 cirilla
213 2459 304 2521 arma,
320 2451 352 2503 ut
359 2453 544 2504 memorante
551 2443 763 2521 quodam'inter
772 2445 875 2524 epulas
888 2441 924 2502 de
934 2440 1019 2503 Cassi
1031 2444 1100 2502 Bru-

101 2528 183 2605 tique
197 2529 277 2587 exitu
293 2526 490 2596 cohorruerit;
509 2545 565 2586 nec
583 2544 790 2588 concursurum
807 2546 871 2589 cum
886 2525 977 2587 Galba
996 2526 1100 2607 fnisse,

102 2611 160 2670 nisi
176 2610 338 2671 confideret
354 2612 418 2677 sine
428 2610 509 2669 bello
527 2610 590 2667 rom
605 2611 727 2687 transigi
742 2628 847 2689 posse;
866 2618 935 2668 tuuc
949 2606 991 2667 ad'
1001 2607 1100 2688 despi-

103 2694 234 2758 ciendam
257 2695 346 2754 vitam
365 2692 502 2771 exemplo
519 2694 706 2772 manipularis
723 2693 823 2753 militis
840 2691 1033 2769 concitatum,
1051 2693 1101 2771 qui

62 2797 92 2838 ao
104 2798 170 2840 cum
182 2778 295 2840 cladem
309 2778 456 2838 exercitus
469 2776 613 2837 nuntiaret
623 2794 679 2837 nec
691 2778 823 2855 cuiquam
834 2774 919 2836 fidem
930 2774 1053 2855 laceret,
1064 2795 1101 2839 ae

101 2881 179 2924 nnnc
189 2862 406 2924 mendacinunc
417 2861 529 2920 timoris
541 2861 625 2938 quasi
635 2860 761 2937 fugisset
778 2879 821 2921 en¹
833 2860 898 2920 acie
917 2870 1099 2939 argueretur,

101 2946 202 3025 gladio
215 2955 282 3007 ante
294 2944 386 3025 pedes
398 2947 460 3005 eius
471 2942 646 3005 incubuerit.
665 2943 730 3004 lloc
740 2943 1020 3024 visoproolamasse
1035 2964 1099 3007 enm

102 3031 213 3113 aiebat,
221 3048 281 3090 nou
293 3028 416 3109 amplius
429 3048 462 3089 se
474 3029 503 3087 in
515 3028 675 3108 periculum
686 3028 752 3089 talis
763 3038 878 3108 tamque
892 3026 967 3090 bene
978 3032 1099 3091 meritos
1158 3029 1162 3035 ’

102 3118 312 3177 coniecturum
591 3153 594 3158 ,
617 3181 627 3194 ,Ἴ
794 3172 798 3177 .

62 3222 92 3262 as
166 3197 296 3261 Fratrem
307 3197 397 3275 igitur
411 3197 568 3276 fratrisque
578 3198 667 3257 lilium
685 3203 714 3259 et
729 3195 860 3279 singulos
878 3197 1033 3267 amicorum
1050 3214 1098 3255 oo·

15 3312 18 3316 ²
97 3283 233 3345 hortatus
245 3292 276 3342 ut
286 3281 341 3342 sibi
354 3282 476 3361 quisque
491 3300 544 3362 pro
555 3281 694 3342 facultate
710 3282 890 3358 consuleret,
907 3280 943 3340 ab
963 3279 1100 3365 amplexu

100 3378 132 3428 et
144 3366 247 3429 osculo
260 3384 314 3427 suo
328 3364 434 3426 dimisit
445 3366 548 3441 omnis,
560 3374 736 3445 secretoque
749 3375 836 3445 capto
848 3364 934 3424 binos
946 3360 1099 3423 codicillos
1176 3422 1183 3428 ,

99 3460 249 3529 exaramt,
262 3448 297 3510 ad
309 3467 441 3514 sororem
450 3449 677 3529 consolatorios,
691 3448 762 3512 etad
769 3441 1099 3525 blessalinamNeronis,
1187 3504 1190 3511 .
