2475 3775
524 143 693 198 TIBERIUS.
761 171 762 180 r
1075 132 1115 196 89

121 294 214 376 palin
232 294 286 356 sub
303 297 496 376 inruptionem
510 295 603 357 hosa's
621 296 765 374 navigium
775 297 858 359 ‘clam
868 298 1003 374 petentis
1018 300 1116 376 vagitu

125 397 179 444 suo
197 397 291 460 paene
310 379 356 440 bis
376 380 515 459 prodidit,
538 380 708 440 semel‘cum
722 399 741 456 ¹a
754 382 872 440 nutricis
887 379 993 456 ubere,
1015 384 1116 442 iterum
1201 418 1205 422 -

125 482 191 524 cum
207 482 224 524 a
238 465 301 523 sinu
314 466 412 524 matris
432 465 535 542 raptim
554 463 715 524 auferretur
730 463 765 522 ab
780 466 829 539 iis,
853 463 899 540 qui
921 461 974 541 pro
990 469 1115 526 necessi·

125 556 184 607 tate
199 549 336 626 temporis
348 547 534 609 mulierculas
549 547 649 606 levare
667 565 756 609 onere
773 543 964 625 temptabant,
1001 547 1057 607 Per
1074 551 1115 608 Si·

101 631 219 690 sciliam
231 648 344 708 quoque
360 640 389 690 et
403 649 455 709 per
465 630 601 691 Achaiam
613 631 830 708 circumductus,
842 648 876 690 ac
885 629 1116 692 Lacedaemoniis

125 713 253 792 publice,
270 713 346 792 qood
358 715 386 774 in
401 714 491 774 tutela
505 713 687 778 Claudiorum
703 723 793 791 erant,
811 712 1003 790 demandatus,
1022 713 1115 790 digro-
1182 790 1184 796 Α

125 797 208 858 diens
228 796 293 858 inde
312 799 413 857 itinere
427 807 567 858 nocturno
584 798 737 858 discrimen
753 800 828 858 ritae
844 797 927 873 adiit,
948 796 1116 866 damma-re-

7 953 11 963 1
125 889 214 961 pente
235 899 253 940 e
274 881 354 941 silvis
374 881 497 960 undique
519 891 636 959 exorta,
663 881 795 961 adeoque
817 897 931 943 omnem
957 882 1117 944 comitatum
1171 897 1180 903 “

66 1023 73 1030 .
125 962 337 1043 circumplexa,
357 974 387 1024 ot
406 965 503 1026 liviae
525 985 594 1045 pars
614 967 704 1026 restis
726 975 756 1026 et
775 964 874 1044 capilli
892 963 1115 1045 amburerentur.
1140 981 1147 998 ¹

88 1048 260 1123 milonem,
282 1047 414 1126 quibusa
431 1049 580 1129 Pompeia,
603 1050 673 1111 Sex.
693 1049 812 1128 Pompei
829 1065 947 1124 sorore,
971 1051 999 1109 in
1020 1047 1116 1111 Sicilia

125 1132 315 1206 denotasset,
331 1130 430 1190 clamis
447 1133 577 1194 etsflbula
590 1136 656 1194 item
665 1131 893 1208 bullaeaureae,
909 1131 1008 1192 durant
1021 1142 1115 1196 osten·

123 1215 284 1294 ductorque
299 1214 478 1275 adbuc-Bais.
504 1217 573 1277 Post
585 1215 707 1276 reditum
720 1218 749 1279 in
764 1215 865 1276 urbem
878 1233 894 1274 a
909 1215 947 1277 tt.
963 1215 1055 1278 Gallio
1070 1233 1114 1276 see

125 1308 227 1359 natore
237 1307 406 1360 testamento
419 1299 580 1378 adoptatus,
585 1298 745 1361 hereditate
763 1298 836 1361 adita
849 1315 916 1358 mox
928 1301 1039 1359 nomine
1052 1299 1114 1360 abs-

121 1384 220 1456 tinuit,
236 1381 312 1460 quod
325 1382 437 1442 Gallius
448 1383 632 1445 adversarum
646 1383 777 1460 Augusto
795 1384 916 1462 partium
933 1381 1034 1442 luerat.

87 1486 118 1526 ro
188 1465 298 1526 Novem
309 1475 392 1526 natus
404 1484 492 1528 annos
507 1466 671 1526 defunctum
682 1475 791 1544 patrem
803 1483 856 1545 pro
869 1467 970 1526 rostris
982 1465 1115 1526 laudavit.

123 1549 236 1616 Dehinc
258 1549 421 1628 pubescens
434 1549 556 1610 Actiaco
571 1549 713 1630 triumpho
732 1569 843 1612 commu
863 1549 985 1626 Augusti
1001 1552 1114 1616 comita·

124 1643 171 1693 tus
186 1641 231 1692 eat
245 1634 423 1695 sinisteriore
437 1633 533 1694 funali.
541 1652 627 1712 equo,
644 1651 707 1696 cum
721 1634 874 1696 Marcellus
890 1633 1026 1693 Octaviae
1041 1633 1116 1692 lilius
1153 1647 1155 1652 ·

125 1716 291 1777 dexteriore
306 1717 469 1778 veheretur.
512 1717 661 1778 Praecedit
673 1726 704 1778 et
719 1719 815 1778 asticis
830 1714 965 1792 ludis,et
980 1715 1115 1778 Troiam*

125 1799 314 1877 circensibus,
329 1800 430 1862 ductor
443 1809 715 1880 turmaespnerorum
730 1803 875 1860 maiorum.

85 1908 116 1947 ao
190 1884 273 1945 Virili
288 1894 358 1963 toga
372 1894 499 1963 sumpta,
517 1883 739 1947 adulescentiam
755 1900 865 1945 omnem
880 1883 1059 1961 spatiumque
1075 1883 1142 1941 imi

124 1971 272 2047 sequentis
297 1970 399 2029 aetuds
423 1986 512 2047 usque
537 1968 572 2031 ad
594 1970 770 2048 principatus
793 1968 870 2027 initia
889 1984 942 2053 per
961 1966 1116 2036 baccione
1201 2004 1202 2009 κ

122 2054 275 2128 transegit.
288 2074 291 2079 ·
303 2052 403 2131 Munus
417 2052 620 2130 gladiatorium
631 2053 659 2112 in
674 2052 836 2117 memoriam
851 2052 941 2131 patris
955 2059 984 2111 et
998 2048 1117 2111 alterum

123 2138 154 2195 in
169 2137 215 2197 aui
227 2134 313 2195 Drusi
334 2136 427 2212 dedit,
447 2136 570 2196 dirersis
590 2136 765 2214 temporibus
789 2154 823 2195 ac
844 2135 936 2210 locis,
955 2133 1074 2212 primum
1088 2134 1117 2193 in

123 2220 207 2294 iuro,
224 2219 379 2282 secundum
396 2220 424 2279 iu
440 2219 664 2299 amphitheatro,
685 2220 805 2281 rudiaris
823 2235 936 2299 qnoque
952 2217 1117 2297 quibusdam

85 2314 113 2353 2⁵
123 2302 271 2363 revocatis
286 2311 500 2367 auctoramento
516 2312 665 2363 centenum
678 2304 798 2375 milium;
814 2303 891 2364 dedit
906 2310 935 2363 et
948 2302 1046 2378 ludos,
1065 2300 1116 2363 sed

123 2384 245 2445 absens:
257 2396 364 2456 cuncta
378 2388 546 2464 magnifice,
560 2388 681 2467 inpensa
693 2389 791 2453 matris
806 2405 840 2449 ao
857 2386 960 2447 vitrici.
1094 2446 1095 2452 ἵ

187 2468 386 2567 Agrippinam,
400 2470 499 2531 llarco
514 2470 647 2552 Agrippa
662 2475 796 2548 genitam,
812 2479 928 2549 neptem
944 2466 1052 2527 Caecili
1065 2466 1116 2524 At·

122 2553 174 2613 tici
189 2549 377 2631 eqmtrsitso
394 2572 478 2633 quern
493 2554 714 2618 suntcicercnis
729 2554 880 2633 epistolae,
896 2553 973 2613 duxit
983 2565 1115 2617 uxorem

122 2635 295 2715 sublatoque
312 2655 350 2697 ex
370 2655 404 2697 ea
419 2638 478 2719 lilio
493 2636 604 2713 Druso,
630 2654 787 2715 quanquam
804 2635 879 2699 bene
901 2632 1117 2693 convenientem

83 2738 281 2799 aerumnaque
302 2720 450 2797 gravidam
471 2720 627 2797 dimittere,
650 2738 685 2786 ac
696 2719 796 2783 luliam
811 2716 933 2795 Augusti
950 2716 1035 2775 filiam
1050 2731 1116 2775 con·

121 2804 221 2863 lestim
237 2812 354 2865 coactus
369 2803 547 2877 est-ducere,
560 2820 617 2863 non
631 2804 693 2863 sine
707 2820 810 2880 magno
824 2818 932 2877 angore
949 2800 1041 2875 animi,
1055 2816 1117 2880 cum

122 2894 155 2955 et
167 2885 348 2966 Agrippinae
363 2885 569 2949 consuetudine
583 2894 730 2947 teneretur
749 2894 778 2945 et
794 2884 883 2945 lullae
901 2898 998 2955 morea
1013 2884 1116 2963 impro-

121 2971 222 3040 baret;
244 2980 274 3031 ut
287 2988 372 3049 quam
384 2972 523 3032 sensisset
537 2971 581 3030 sui
595 2987 709 3048 quoque
731 2968 783 3030 sub
798 2970 896 3049 priore
907 2968 1012 3037 ,marito
1028 2984 1116 3046 appe·

121 3062 246 3130 tentem,
261 3055 337 3133 quod
351 3072 421 3114 sane
436 3055 521 3125 etiam
536 3053 625 3131 volgo
642 3051 863 3115 existimabatur.
908 3050 966 3111 Sed
978 3050 1116 3131 Agrippi·

80 3155 188 3199 aonam
204 3146 240 3208 et
259 3137 394 3215 abegisse
414 3146 482 3215 post
498 3138 648 3198 divortium
668 3136 772 3213 doluit,
793 3146 823 3197 et
843 3133 932 3197 semel
950 3136 1062 3198 omnino
1078 3139 1128 3193 ex*

115 3238 247 3283 occursu
263 3222 354 3281 risam
369 3220 442 3281 adeo
457 3224 600 3282 contentis
615 3229 646 3281 et
658 3220 816 3283 umentibus
829 3220 927 3282 ,oculis
945 3225 1115 3298 prosecutus

118 3308 184 3382 pst,
209 3314 241 3365 ut
261 3304 430 3365 custoditum
451 3307 488 3365 sit
505 3323 542 3365 ne
563 3323 693 3385 umquam
707 3304 735 3365 in
752 3313 938 3385 conspectum
953 3302 980 3361 ei
995 3296 1116 3394 posthsc

121 3390 246 3451 reniret.
291 3386 361 3451 Cum
375 3388 446 3451 lolia
460 3391 551 3471 primo
568 3389 754 3454 concorditer
765 3399 795 3453 et
809 3406 905 3453 amore
923 3382 1114 3449 matuariorum

230 3558 264 3622 Pl
436 3551 443 3575 ῃ

119 3546 175 3728 y
193 3664 204 3704 t,
236 3634 307 3702 ‘'af‘'
320 3653 439 3693 „sowa
460 3634 550 3694 (Ap,
565 3671 587 3695 m
