2475 3775
15 141 17 144 ·
83 165 115 226 ,—
152 134 195 196 26
238 145 268 197 c.
282 137 433 196 sunnone
450 143 578 206 resno.
592 142 641 193 nu
655 142 741 193 vrrs
754 141 939 215 caesapon
952 143 1022 201 nm.
1036 143 1061 192 1.

147 300 258 364 ‘sondas
283 301 390 362 frastra
412 318 503 381 saepe
527 301 670 377 misisset,
695 299 853 360 novissime
873 299 939 379 ipse
963 298 1038 360 olam
1057 309 1148 363 noctu

154 385 304 466 parvulum
317 385 462 462 navigium
475 379 556 445 solus
571 383 712 445 obvoluto
730 385 827 464 capite
842 382 1029 462 conscendit,
1044 372 1148 465 *neque

30 470 34 477 f
153 479 209 531 aut·
221 471 284 548 quis
302 477 382 529 esset
400 478 467 530 ante
484 467 593 528 detexit
610 477 658 528 aut
675 467 901 545 gubernatorem
916 467 1024 528 cedere
1044 467 1147 530 adver·

112 561 206 618 59eae
220 555 382 633 tempestati
398 571 501 632 passus
516 561 577 628 est,
590 569 674 630 quam
688 570 783 631 paene
798 550 918 612 obrutas
931 551 1074 612 ductibus.
1101 551 1148 613 lle

150 638 297 716 religione
309 635 424 716 quidem
439 635 496 696 nlla
512 654 528 696 a
543 653 686 715 quoquam
697 637 816 715 incepto
832 634 1001 696 absterritus
1016 637 1169 716 umquamu

52 779 63 794 ,
152 722 201 782 vel
221 721 381 782 retardatus
403 728 457 779 est.
499 718 570 780 Cum
591 719 747 798 immolanti
769 719 930 797 aufugisset
944 719 1055 798 hostia,
1078 738 1146 799 pro-

151 807 308 868 fectionem
330 804 468 866 adversus
486 804 654 883 Scipionem
675 812 706 864 et
726 803 825 864 iubam
843 821 902 863 nou
925 804 1043 864 distulit.
1076 804 1146 866 Pro·

151 891 250 971 lapsus
264 890 349 950 etiam
364 890 392 948 in
408 893 531 964 egressu
545 889 643 965 navis,
664 905 752 967 verso
768 887 805 948 ad
817 888 921 959 melius
935 890 1029 948 omine
1048 887 1147 951 Teneo

152 982 197 1050 te,
212 975 316 1052 inquit,
332 969 456 1050 Africa.
489 971 537 1032 Ad
551 970 708 1032 eludendas
723 981 818 1032 autem
832 968 1069 1049 vaticinationes,
1084 974 1146 1052 qni·
1227 1038 1229 1053 Ι

151 1057 204 1118 bus
219 1057 291 1118 felix
306 1064 335 1116 et
354 1058 490 1116 invictum
506 1057 535 1116 in
552 1074 587 1116 ea
603 1056 755 1134 provincia
769 1056 896 1116 fataliter
912 1058 1082 1135 Scipionum
1093 1074 1146 1116 no·
1156 1071 1181 1112 ro

150 1158 216 1200 men
241 1139 405 1218 ferebatur,
431 1140 682 1222 despectissimum
710 1139 852 1219 quendam
880 1159 918 1200 ex
943 1139 1147 1200 Corneliorum

151 1243 277 1306 genere,
300 1229 354 1287 cui·
366 1224 403 1286 ad
424 1222 612 1306 opprobrium
631 1225 709 1285 ritae
725 1223 868 1285 Saluitoni
880 1241 1052 1302 cognomen
1071 1234 1146 1302 erat,

150 1315 180 1372 in
197 1313 299 1372 castris
312 1327 410 1371 secum
425 1309 532 1370 babuit.

110 1408 144 1462 60
214 1395 329 1457 Proelia
343 1412 401 1456 non
417 1402 523 1454 tantum
537 1392 699 1469 destinato,
720 1391 774 1452 sed
789 1409 828 1452 ex
842 1393 1001 1467 occasione
1015 1390 1148 1453 sumebat

151 1498 187 1544 aa
205 1497 294 1560 saepe
311 1478 467 1540 abitinere
485 1479 596 1555 statim,
618 1476 759 1538 interdum
774 1478 968 1555 spurcissimis
987 1484 1144 1555 tempesta·
1155 1495 1179 1538 1⁵

150 1563 240 1640 tibus,
262 1581 325 1622 oum
347 1563 460 1622 minime
481 1563 702 1641 quismoturum
717 1569 847 1641 putaret;
869 1578 926 1620 nco
939 1561 995 1620 nisi
1009 1569 1147 1640 tempore

151 1655 281 1706 exuemo
306 1645 341 1706 ad
362 1644 549 1707 dimicandum
570 1646 731 1706 cunctatior
747 1645 840 1705 iactus
862 1651 923 1721 est,
948 1661 1014 1724 quo.
1027 1645 1146 1723 saepius

150 1731 285 1807 vicisset,
308 1729 366 1790 hoc
385 1727 689 1810 minusexperiendos
704 1747 789 1796 casus
808 1729 946 1807 opinans,
966 1727 1095 1807 nibilque
1111 1745 1147 1788 se

149 1821 255 1874 tanturn
277 1813 480 1895 adquisiturum
499 1815 640 1892 motoria,
666 1821 800 1894 quantum
814 1807 1036 1956 “*i‘p'aatfcrrc
1055 1811 1144 1872 culo

148 1898 241 1959 miton
254 1906 370 1980 posset.
409 1898 533 1961 Nullum
546 1894 702 1981 umquam]
718 1898 832 1962 bostem
852 1896 882 1957 fu
904 1899 939 1973 't,
956 1897 1024 1975 quin
1041 1899 1179 1957 omnisne
1227 1901 1228 1934 ¹

150 2000 265 2062 quoqne
280 1992 414 2045 exueret:
433 1985 471 2044 ita
483 1983 592 2043 nullum
608 1985 733 2063 spatium
744 1982 908 2062 perterritis
923 1979 1018 2041 dabat.
1055 1980 1145 2061 Anci·

149 2067 202 2147 piti
222 2067 337 2144 proelio
357 2085 448 2146 equos
467 2066 625 2127 dimittebat
643 2068 724 2127 euin
745 2067 845 2145 primis
860 2082 957 2141 suum,
979 2081 1037 2145 quo
1052 2066 1149 2125 maior

150 2149 335 2228 permanendi
365 2152 526 2211 necessitas
552 2152 750 2229 imponeretur
777 2149 885 2210 auxilio
912 2150 1000 2227 fugae
1027 2157 1145 2228 erepto.

109 2230 292 2293 coutebatur
311 2240 404 2292 autem
424 2250 501 2311 equo
520 2234 641 2311 insigni,
665 2232 787 2313 pedibus
809 2251 905 2312 prope
919 2232 1048 2293 humanis
1065 2240 1096 2293 et
1115 2233 1145 2292 ln

150 2312 264 2374 modum
279 2312 432 2392 digitorum
445 2315 559 2397 ungulis
578 2318 670 2395 fissis,
692 2332 777 2397 quem
797 2326 893 2379 natum
912 2316 988 2395 apud
1006 2334 1055 2394 se,
1079 2334 1178 2377 cumas

150 2398 318 2476 haruspices
333 2399 482 2479 imperium
497 2399 577 2460 orbis
592 2408 689 2462 terrac
703 2402 871 2479 significare
882 2400 1001 2461 domino
1016 2418 1145 2480 pronun·

150 2482 285 2559 tiassent,
307 2500 412 2560 magna
435 2500 502 2544 cura
527 2483 596 2544 aluit
620 2503 677 2545 nec
696 2487 853 2564 patientem
873 2483 1001 2545 sessoris
1023 2484 1145 2545 alterius

149 2568 257 2645 primus
271 2565 414 2637 ascendit;
425 2568 518 2627 -cuius
538 2570 624 2629 etiam
643 2569 733 2629 instar
747 2587 802 2649 pro
817 2568 890 2629 aede
908 2568 1034 2629 Veneris
1048 2566 1144 2628 Gene-
1227 2551 1229 2572 '

107 2650 142 2705 62
150 2651 231 2709 tricis
248 2658 352 2728 postea
367 2649 519 2714 dedicavit.
554 2650 722 2713 Inclinatam
739 2655 832 2713 aciem
852 2651 933 2712 solus
953 2653 1144 2730 saeperesti·

148 2733 200 2791 tuit
224 2731 368 2795 obsistens
388 2734 564 2813 fugientibus
585 2738 772 2816 retinensque
794 2735 926 2813 singulos
947 2744 978 2795 et
997 2736 1177 2796 contortisao

42 2819 44 2827 ’
148 2813 278 2895 faucibus
306 2828 479 2879 convertens
501 2820 530 2878 in
551 2818 666 2880 bostem
684 2825 715 2880 et
735 2820 849 2899 quidem
870 2818 946 2890 adeo
969 2817 1143 2898 plerumque

148 2896 294 2975 trepidos,
320 2908 351 2958 ut
375 2902 507 2978 aquilifer
532 2906 654 2963 moranti
677 2921 711 2963 se
733 2902 860 2981 cuspide*
877 2904 916 2963 sit
940 2904 1142 2981 comminatus,

105 2978 220 3050 saalim
236 2980 265 3039 in
283 2998 365 3041 manu
385 2984 537 3045 detinentis
556 2986 707 3066 reliquerit
725 2987 846 3064 signum.
876 2985 945 3046 Non
963 2987 1075 3047 minora
1089 2986 1143 3049 illa

92 3106 95 3115 ,
148 3064 326 3124 constantiae
347 3065 426 3143 eius,
446 3067 531 3128 immo
552 3072 661 3131 maiora
681 3070 767 3129 etiam
783 3069 889 3131 indicia
911 3070 1026 3131 fuerint.
1068 3069 1144 3131 Post

147 3146 239 3206 aciem
253 3145 445 3209 Pharsalicam
463 3168 527 3209 cnm
546 3153 713 3231 praemissis
733 3154 763 3212 in
777 3152 876 3214 Asiam
898 3154 992 3233 copiis
1012 3171 1067 3232 per
1088 3171 1176 3215 acu-as

146 3231 255 3307 gustias
269 3228 452 3309 Hellesponti
472 3237 603 3298 uectoria
623 3236 756 3297 namcula
775 3238 929 3312 traiceret,
951 3235 983 3297 L.
1006 3236 1142 3299 Cassium
1227 3255 1228 3278 ³

145 3314 235 3392 partis
250 3312 390 3375 adversae
407 3332 469 3375 cum
486 3314 587 3377 decem
600 3321 734 3379 cosmatis
750 3318 870 3380 novibus
884 3318 1001 3379 obvium
1016 3320 1072 3380 sibi
1086 3340 1140 3381 ne·
1227 3319 1228 3330 ’

146 3414 202 3476 que
216 3397 323 3477 refugit
337 3407 367 3458 et
384 3400 538 3460 comminus
553 3401 690 3479 tendens,
706 3401 783 3463 ultro
801 3401 838 3463 ad
852 3402 1027 3465 deditionem
1038 3403 1141 3466 borta-
1181 3410 1187 3417 '
1227 3417 1228 3420 ’
