2475 3775
162 161 220 220 144
248 169 444 230 esuuuorn
463 169 589 229 anano.
606 169 655 216 nn
670 168 752 215 vura
767 165 950 214 cuasarum
964 166 1034 212 uun.
1047 165 1109 212 1111.

160 340 251 406 qaam
265 333 362 404 oeque
374 323 450 385 nauli
461 320 599 402 feceris!
621 317 751 383 Threces
774 320 911 400 quosdam
926 318 1075 380 Germanis
1091 335 1152 378 cor

159 411 240 489 poris
262 408 428 468 custodibus
448 409 626 487 praeposuit.
669 405 878 482 llqrmillonum
896 413 1060 475 armatarus
1082 404 1152 462 reci-

160 493 208 553 dit.
253 490 393 552 Columbo
420 489 540 569 victori,
571 491 677 551 leviter
699 498 793 550 tamen
815 490 930 564 saucio,
961 503 1101 547 venenum
1126 489 1152 544 iu

159 576 274 656 plagam
299 575 432 653 addidit,
449 575 527 654 quod
552 593 590 635 ex
613 592 650 634 eo
677 572 877 634 Columbinum
898 571 1071 651 appellarim
1095 572 1153 650 (sic

160 669 240 720 certe
259 662 336 720 inter
350 657 406 720 ali'a
424 677 537 719 venena
555 660 694 738 scriptum
720 657 755 718 ab
780 674 816 717 eo
840 665 988 734 repertum
1008 656 1070 733 cst)
1091 671 1174 733 pra-a

160 745 239 804 sinae
253 743 372 804 iachoni
383 742 426 803 ¹ita
439 742 576 803 ‘addictus
592 751 623 802 et
633 741 761 819 deditus,
792 749 823 800 ut
842 748 978 800 caenaret
991 742 1019 798 ia
1042 737 1152 827 stabulo

160 827 273 889 assidue
288 835 318 886 ct
332 834 469 886 maneret.
505 825 649 906 Agitatori
667 825 801 900 Eutycho
817 825 1019 885 comissatione
1036 822 1152 902 quadam

158 913 187 970 in
216 909 404 989 apophoretis
429 909 521 970 vicies
550 911 714 971 sestertium
740 907 870 969 contudit.
914 905 1035 968 lucitato
1068 921 1151 985 equo,

161 996 240 1053 cuius
261 1011 348 1053 causa
369 993 461 1072 pridie
481 995 645 1076 circenses,
674 1011 712 1053 ne
726 994 947 1070 inquietaretur,
977 993 1100 1052 viciniae
1116 992 1151 1050 si-

159 1078 275 1136 lentium
297 1094 351 1155 per
373 1076 478 1137 milites
501 1077 632 1138 indicere
658 1075 787 1152 solebat,
815 1083 932 1155 praeter
959 1075 1055 1154 equile
1081 1091 1183 1141 mar-10

158 1177 287 1219 moreum
302 1168 332 1219 et
352 1177 497 1240 praesepe
523 1161 679 1221 eburneum
703 1168 878 1241 praeterque
902 1176 1050 1238 purpurea
1072 1167 1151 1235 tegu-
1216 1231 1218 1236 ,

158 1251 252 1302 menta
277 1261 311 1302 ac
334 1244 450 1304 monilia
475 1263 492 1304 e
513 1248 652 1322 gemmis,
684 1243 797 1305 domum
817 1245 901 1303 etiam
917 1250 947 1301 et
970 1242 1105 1303 familiam
1124 1251 1152 1301 et

160 1326 370 1405 supellectilem
384 1327 476 1405 dedit,
508 1347 564 1408 quo
580 1329 683 1389 lautius
698 1330 811 1390 nominc
831 1329 893 1386 eius
909 1327 1019 1386 inritati
1038 1323 1151 1404 a‘ccipe·

159 1419 271 1480 rentur;
303 1411 478 1472 consulatum
497 1430 612 1491 qnoque
627 1412 745 1473 traditur
762 1405 932 1472 destinasse.

117 1500 151 1554 56
223 1492 265 1554 lta
290 1493 477 1555 bacchantem
503 1505 589 1574 atque
607 1502 800 1573 'grassantem'
815 1511 872 1555 non
895 1493 985 1556 defuit
1005 1492 1152 1572 plerisque
1161 1517 1182 1556 ra

159 1579 267 1636 animus
293 1577 406 1640 adoriri.
451 1579 509 1638 Sed
532 1597 586 1639 una
610 1579 759 1658 alteraque
787 1580 1000 1658 conspiratione
1027 1577 1152 1654 detecta,

159 1660 222 1720 aliis
252 1680 306 1740 per
336 1661 460 1740 inopiam
487 1665 649 1724 occasionis
677 1661 892 1738 cunctantibus,
919 1661 974 1721 duo
1004 1661 1152 1722 consilium

160 1747 438 1807 communicaverunt
457 1747 717 1826 perfeceruntqu‘e',
744 1765 806 1824 non
822 1748 885 1807 sine
907 1747 1083 1806 conscientia
1098 1759 1152 1825 po·

158 1829 378 1891 tentissimorurn
406 1827 580 1892 libertorum·
600 1833 872 1911 praelectoremque
900 1829 1043 1911 praetori:
1077 1829 1154 1909 quod

158 1913 214 1992 ipsi
235 1931 348 1995 quoque
373 1917 428 1975 etsi
441 1916 526 1977 laiso
547 1911 575 1976 iu
596 1916 717 1995 quadam
744 1916 942 1976 coniuratione
964 1916 1044 1993 quasi
1066 1916 1185 1993 parti-ro

159 1998 239 2075 cipes
262 1999 411 2076 nominati,
442 2009 596 2078 suspectos
619 2007 714 2060 tamen
739 2018 772 2060 se
801 2000 960 2059 etinrisos
981 1997 1153 2059 sentiebant.

138 2078 228 2154 ,Nam
248 2088 277 2138 et
304 2082 398 2139 statim
427 2083 554 2141 seductis
578 2100 710 2160 magnam
739 2084 810 2143 iecit
837 2082 987 2158 invidiam,
1012 2082 1153 2142 destricto

157 2159 253 2236 gladio
280 2163 424 2222 affirmans
450 2173 559 2242 sponte
580 2185 615 2226 ac
637 2168 824 2245 perituram,
858 2168 888 2226 ai
912 2172 944 2227 et
967 2166 1031 2227 tttte
1056 2174 1154 2227 morte

157 2242 267 2323 dipoor
279 2245 449 2322 videretur,
479 2266 535 2308 nec
556 2252 682 2310 cessavit
697 2268 735 2309 ex
755 2267 790 2310 eo
812 2251 955 2311 criminari
972 2251 1092 2311 alterum
1114 2250 1153 2310 al-

156 2327 209 2385 teri
223 2336 308 2406 atque
322 2330 439 2389 interae
454 2334 547 2392 omnis
560 2336 747 2393 committere.
831 2361 834 2367 ·
1162 2356 1185 2397 te

216 2409 286 2470 Cum
307 2413 467 2491 placuisset
481 2415 621 2476 Palatinis
639 2417 713 2478 ludis
735 2418 904 2495 spectaculo
927 2434 1080 2495 egressum
1094 2434 1155 2477 me.

154 2495 224 2554 ridie
244 2495 379 2575 adgredi,
410 2502 515 2577 primas
537 2499 592 2559 sibi
615 2509 713 2580 partes
730 2500 848 2563 Cassius
869 2500 999 2563 Chaerea
1022 2502 1154 2561 tribunus

155 2576 282 2638 cohortis
305 2585 469 2659 praetoriae
490 2584 679 2663 depoposcit,
707 2604 792 2664 quent
813 2585 900 2647 Gaius
925 2588 1072 2646 seniorem
1098 2588 1153 2644 iam

153 2669 183 2720 ut
198 2663 315 2723 mollem
327 2673 357 2724 et
372 2667 562 2727 effeminatum
578 2668 717 2729 denotare
735 2672 812 2730 omni
827 2669 937 2749 probro
953 2679 1109 2729 consuerat
1125 2678 1154 2728 et

153 2745 238 2803 modo
254 2749 366 2823 signum
380 2752 493 2829 petenti
509 2751 675 2831 Priapum
696 2763 742 2813 aut
762 2756 942 2815 Venerem
964 2754 1047 2831 dare,
1063 2753 1184 2816 modost

154 2827 306 2905 exaliqua
331 2850 416 2894 causa
438 2838 534 2912 agenti
558 2838 667 2913 gratias
693 2838 877 2898 osculandam
902 2855 1014 2899 manum
1041 2838 1151 2899 offerre

152 2907 302 3000 formatam
318 2927 543 2997 commotamque
557 2922 585 2979 in
600 2920 755 2981 obscenam
770 2922 893 2983 modum.
949 2910 954 2923 ⁸

110 2996 143 3052 57
174 3030 187 3071 ¹.
214 2990 338 3053 Futurae
356 3000 453 3061 caedis
477 3004 564 3063 multa
584 3005 716 3083 prodigia
738 3008 902 3067 extiterunt.
939 3006 1090 3085 Olympiae
1114 3006 1150 3064 si·

151 3074 306 3135 mulacrum
323 3079 415 3158 lovis,
445 3087 523 3164 quod
538 3088 657 3148 dissolvi
673 3089 880 3170 transferrique
895 3091 1016 3151 Romam
1032 3090 1149 3168 placue-

150 3166 210 3234 rat,
242 3169 346 3220 tautum
377 3164 543 3229 cachinnum
570 3182 692 3250 repente
720 3173 821 3251 edidit,
852 3182 882 3233 ut
904 3172 1180 3235 machinis.labe·et
1215 3180 1218 3187 ’

150 3240 235 3303 lactis
256 3246 378 3346 opifices
401 3249 577 3327 diffugerint;
610 3259 834 3335 superuenitque
856 3258 924 3318 ilico
948 3257 1062 3337 quidam
1079 3256 1149 3317 Cas·

150 3326 209 3385 slus
229 3346 357 3406 nomme,
387 3332 494 3391 iussum
516 3353 548 3393 se
570 3342 682 3398 somnio
703 3339 846 3403 ailirmans
866 3341 1015 3402 immolare
1039 3351 1149 3401 taurum

149 3406 221 3469 lori.
262 3410 439 3510 Capitolium
465 3414 580 3494 Capuae
608 3420 650 3480 ld.
679 3422 749 3483 blar.
778 3423 814 3483 de
840 3426 923 3485 caelo
953 3434 1061 3485 tactum
1092 3431 1148 3499 ast,

48 3650 128 3663 Λ

16 3671 187 3737 μὶ
