2475 3775
343 211 373 247 ,·
485 173 590 225 nurus
606 175 719 224 nunus.
900 209 904 215 .
1005 167 1119 245 ¹239!

114 328 294 408 principibus
308 328 425 388 aliter*
440 345 499 405 noo
513 327 670 406 haherent,
694 345 778 408 quam
798 332 823 390 si
843 332 944 400 eadem
964 333 1055 395 isdem
1078 343 1108 396 et
1158 399 1160 409 1

115 415 171 493 ipsi
186 412 346 490 dedissent,
362 413 470 491 primus
485 414 641 491 praeterita
656 415 751 476 omnia
771 432 828 476 uno
846 417 1030 477 confirmavit·
1047 418 1124 480 edi-‘
1163 463 1168 472 .

13 509 30 594 Ἰ
116 507 176 575 cto,
190 515 247 558 nec
263 487 280 557 h
296 514 329 556 se
344 498 406 575 peti
413 499 525 576 ‘passus
540 505 595 556 est.
632 495 665 557 ln
680 499 787 560 ceteris
800 516 873 566 uero
887 500 1038 560 desideriis
1053 502 1105 562 ho-

111 583 217 645 minum
234 580 459 643 obstinatissime
479 579 585 659 munim
612 599 651 642 ne
674 600 760 661 quern
776 583 842 651 sine
862 600 917 663 spe
935 584 1107 655 dimitterem

93 667 181 746 sqnin
202 674 232 727 et
253 663 472 734 admonentibus
494 663 678 744 domesticis,
706 669 787 745 quasi
806 667 890 747 plura
917 667 1107 748 polliceretur

112 769 198 830 quam
214 757 364 828 praestare
379 758 497 828 posset,
516 766 580 810 noo
593 755 739 827 oportere
751 752 792 812 ait
805 768 986 833 quenquam
1002 770 1024 812 u
1039 769 1104 814 eer-

111 832 367 912 mcnepriocipie
382 833 500 894 tristem
520 828 804 914 discedereratque
826 837 912 897 etiam
934 837 1108 898 recordatus

112 917 254 999 quondam
269 935 358 997 super
375 914 600 996 caenam‚·qnod
616 917 686 979 nihil
702 920 834 998 ediquem
849 917 913 981 toto
925 921 971 981 die
983 917 1105 1000 pra'esti·
1185 911 1186 920 ’

110 1005 209 1080 timet,
222 1000 438 1065 memorabilem
451 1001 530 1063 illam
543 1003 705 1083 meritoque
719 1003 861 1070 laudatam
876 1022 982 1066 uocem
1001 1003 1106 1066 edidit:

77 1100 102 1143 so
112 1085 223 1163 Amici,
238 1085 319 1146 diem
330 1085 467 1165 perdidi.
591 1153 597 1163 ,
1034 1083 1036 1088 ’

173 1170 315 1250 Populum
329 1172 359 1230 in
374 1171 474 1250 primis
495 1172 660 1230 universnm
681 1179 759 1232 tanta
780 1190 833 1252 per
855 1174 947 1242 omnis
973 1174 1111 1234 occasio·

110 1273 164 1316 nes
181 1256 317 1316 comitate
330 1256 478 1330 mactarit,
491 1262 522 1313 nt
536 1255 691 1333 proposito
707 1254 881 1332 gladiatorio
895 1273 1031 1335 munere,
1043 1276 1106 1319 uon

110 1338 156 1401 sd
169 1337 339 1416 cosmed
355 1337 614 1417 adspectsutium
634 1336 797 1400 arbitrium
820 1340 961 1402 editurum
981 1359 1014 1400 se
1038 1360 1105 1421 pro-

111 1425 207 1486 fessus
225 1425 276 1493 sit;
292 1422 424 1501 etplane
438 1423 478 1482 ita
493 1422 574 1481 iecit.
602 1421 676 1484 Nam
696 1434 792 1502 neque
813 1426 932 1502 negavit
952 1425 1119 1502 quicquam

75 1507 277 1588 repetentibus
291 1515 322 1567 et
335 1516 365 1568 ut
381 1525 456 1586 quae
479 1505 591 1566 uellent
612 1515 747 1586 peterent
764 1507 840 1583 ultro
861 1506 1028 1570 adhortatus
1050 1517 1104 1567 est.

111 1594 187 1669 Quin
206 1601 236 1652 et
249 1591 372 1652 studium
387 1599 547 1651 armaturae
563 1589 707 1652 Threcum
728 1609 800 1670 prae
821 1609 854 1652 se
875 1593 992 1669 ferens,
1014 1609 1104 1671 saepe

111 1695 176 1738 cnm
192 1676 303 1756 populo
318 1685 347 1736 et
359 1693 435 1738 voce
453 1683 483 1734 et
496 1682 582 1752 gestu
596 1683 627 1736 nt
640 1675 735 1740 fautor
751 1675 902 1737 cavillatus
918 1685 979 1753 cst,
1005 1694 1106 1737 verum

109 1763 260 1824 maiestate
278 1760 360 1822 salva
374 1777 431 1819 nec
443 1760 536 1818 minus
551 1761 708 1837 aequitate.
749 1757 793 1819 Nc
814 1760 883 1837 qnid
905 1759 1107 1838 popularitatis

108 1843 590 1927 praetermitteret-nonnumquam
604 1844 634 1903 in
649 1841 768 1905 thermis
791 1843 851 1903 suis
872 1843 996 1907 admissa
1017 1840 1108 1923 plehe'

72 1930 191 1992 solavit.

174 2013 322 2088 Quaedam
335 2010 389 2076 suh
404 2031 441 2073 eo
458 2012 577 2073 iortnita
590 2028 627 2071 ac
642 2012 735 2072 tristis
749 2010 935 2088 acciderunt,
951 2020 982 2071 ut
998 2012 1104 2073 contla·

97 2100 205 2177 >grado
221 2098 323 2158 Vesvii
344 2098 448 2159 montis
463 2098 492 2160 in
508 2093 682 2176 Campania,
701 2104 729 2155 et
743 2095 907 2157 incendium
920 2096 1032 2157 Romae
1052 2114 1107 2177 per

109 2182 232 2243 tridumn
245 2181 422 2262 totidemque
434 2190 548 2258 noctes,
561 2181 630 2241 item
642 2178 807 2259 pestilentia
820 2189 1106 2259 quantauontemere

111 2267 194 2327 alias.
234 2266 267 2326 ln
280 2265 316 2325 iis
333 2274 377 2326 tut
390 2266 521 2328 adversis
537 2282 572 2325 ac
586 2263 692 2325 talibus
708 2282 767 2325 non
779 2264 866 2327 modo
885 2266 1025 2345 principis
1045 2265 1105 2327 sul-

72 2362 101 2404 25
111 2350 287 2411 licitudinem
303 2350 357 2411 sed
369 2358 400 2410 et
413 2351 541 2431 parentis
557 2349 691 2410 affectum
715 2349 828 2409 unicum
848 2350 1008 2429 praestitit,
1031 2366 1107 2409 nunc

111 2435 291 2498 consolando
306 2453 361 2515 per
375 2432 485 2510 edicta,
497 2451 572 2493 nunc
588 2432 756 2511 opitulando
772 2441 913 2511 quatenus
934 2440 1107 2511 suppeteret
1145 2498 1148 2504 ,

109 2519 243 2580 facultas.
280 2517 439 2580 Curatores
456 2516 651 2577 restituendae
674 2514 849 2595 Campaniae
873 2534 890 2575 e
912 2514 1105 2581 consularium

109 2620 229 2664 numero
246 2612 326 2662 sorte
349 2601 442 2669 duxit;
462 2600 538 2660 hona
559 2616 769 2676 oppressorum
788 2598 961 2671 investio,
985 2614 1106 2675 quorum

109 2687 238 2748 heredes
251 2702 311 2744 non
325 2683 472 2760 extabant,
487 2682 662 2741 restitutioni
675 2682 845 2741 afflictarum
862 2680 1016 2741 civitatium
1027 2684 1104 2743 attri-

73 2770 182 2831 aohnit.
214 2767 304 2830 Urbis
320 2766 456 2828 incendio
472 2763 550 2825 nihil
561 2762 687 2842 puhiice
699 2764 823 2843 perisse
844 2772 979 2840 testatus,
1003 2774 1105 2827 cuncta

111 2853 325 2937 praetoriorum
336 2868 452 2912 suorum
461 2854 628 2910 ornamenta
644 2847 782 2927 operibus
802 2866 838 2909 ac
854 2847 969 2927 templis
982 2848 1105 2912 destina·

110 2941 153 2999 rit
164 2938 393 3017 praeposuitque
407 2933 565 3013 compluris
581 2950 619 2991 en
633 2932 764 3010 equestri
775 2931 885 3012 urdine,
901 2949 959 3012 quo
972 2952 1104 3015 quaeque

111 3016 250 3085 rhamnus
257 3028 478 3100 peragerentur.
493 3015 654 3079 hledendae
666 3016 1105 3096 valitudinileniendisquemor.-

112 3108 158 3169 his
173 3106 279 3167 nullam
293 3105 416 3166 diuinam
432 3104 640 3181 humanamque
656 3118 743 3179 opem
766 3117 824 3161 non
846 3100 989 3181 adhibuit,
1003 3103 1105 3181 inqui-

78 3194 171 3254 assito
188 3192 264 3253 omni
279 3190 487 3251 sacrificiorum
504 3184 755 3263 remediorumque
767 3203 887 3263 genere.

68 3314 74 3330 ι
173 3275 253 3337 luter
281 3276 403 3337 adversa
432 3281 594 3351 temporum
626 3277 656 3329 et
688 3266 834 3329 delatores
864 3268 1105 3345 mandatoresque

115 3369 198 3421 erant
218 3378 257 3421 ex
276 3354 393 3421 licentia
413 3356 516 3417 ueteri.
555 3353 618 3415 llos
643 3352 757 3415 assidue
779 3355 808 3414 in
830 3354 897 3414 loro
924 3350 1049 3427 flagellis
1069 3368 1105 3411 ac

114 3444 238 3507 iustihus
253 3460 357 3506 caesos
374 3460 411 3504 ac
425 3432 580 3502 novissime
595 3437 745 3501 traductos
760 3455 814 3517 per
829 3433 1026 3516 amphitheatri
1042 3451 1104 3495 are·
