2475 3775
143 164 161 224 8
231 175 261 240 q.
277 174 424 222 suarem
439 170 565 234 Tauno.
580 173 627 240 nn
642 174 724 222 vanu
738 173 921 222 suessanus
936 175 1005 222 urs.
1021 175 1042 221 r.

143 329 240 390 officio
253 328 420 409 frequentes
435 327 701 406 obstinatosquead
711 326 900 388 resistendum
912 328 1134 389 concucurrisse

103 427 134 480 16
147 411 300 488 cernebat,
326 413 400 474 hauc
424 411 536 491 quidem
557 413 698 472 actionem
718 411 860 490 deposuit
904 409 1039 472 Ceterum
1059 410 1133 472 Cae·

143 497 210 556 cilio
225 495 343 557 Metello
359 495 471 574 tribuno
493 493 588 574 plebis
609 494 868 557 turbulentissimas
887 493 977 571 leges
992 496 1133 556 adversus
1212 559 1215 566 ,

143 581 319 658 collegarum
334 581 570 639 intercessionem
585 577 690 638 terenti
711 587 858 639 auctorem
874 588 1132 663 propugnatorem·

142 681 197 743 que
213 682 244 723 se
260 663 486 743 pertinacissime
503 661 661 740 praestitit,
680 660 774 722 donec
788 661 871 722 ambo
888 661 1158 725 administrationet

141 766 183 808 rer
176 747 330 827 publicae
344 745 463 806 decreto
477 754 590 823 patrum
604 745 851 806 submonerentur
877 745 923 805 Ac
933 744 1027 805 nibilo
1038 749 1132 807 minus

141 848 309 910 permanere
321 831 348 888 in
363 830 529 906 magistratu
545 837 574 887 et
589 828 634 889 ius
648 828 745 888 dicere
763 845 863 905 ansus,
879 837 908 888 ut
926 830 1065 907 comperit
1081 847 1131 908 pa-

139 925 234 991 ratos,
261 914 309 991 qul
330 914 359 972 ui
383 918 417 972 ac'
439 930 492 990 per
513 929 590 973 arma
613 911 813 991 prohiberent,
836 911 958 973 dimissis
979 912 1130 973 lictoribus

140 999 310 1074 abiectaque
332 1005 481 1074 praetexta
508 997 621 1056 domum
641 997 714 1056 clam
733 996 858 1073 refugit,
883 1013 937 1074 pro
966 994 1131 1067 conditione

139 1091 298 1160 temporum
311 1082 467 1157 quieturus.
493 1079 701 1142 Multitudinem
712 1097 828 1158 quoque
843 1079 928 1138 biduo
943 1088 1011 1159 past
1025 1088 1171 1158 spontem

139 1175 168 1224 et
188 1165 263 1224 ultro
286 1163 475 1224 confluentem
497 1181 684 1243 operamque-
696 1164 751 1223 sibi
769 1165 798 1222 iu
815 1162 977 1236 adserenda
994 1163 1134 1240 dignitate

138 1247 337 1307 tumultuosius
366 1246 552 1326 pollicentem
585 1249 765 1328 conpescuit.
795 1247 892 1322 vQuod
918 1243 987 1306 'cum
1015 1255 1134 1324 praeter

101 1337 104 1340 '
139 1333 304 1411 opinionem
322 1331 484 1407 evenisset,
507 1340 641 1407 senatus,
664 1331 701 1390 ob
719 1329 840 1392 eundem
862 1338 975 1392 coetum
996 1330 1133 1390 festinato

127 1424 273 1492 coactus,
293 1416 404 1490 gra-tias
430 1416 456 1474 ei
478 1433 531 1494 per
550 1415 693 1492 primores
711 1414 791 1475 viros
811 1415 886 1492 egit,
906 1413 1087 1491 accitumque
1104 1413 1134 1472 in

57 1520 61 1532 ’
139 1501 244 1558 curiain
266 1508 294 1558 et
308 1499 491 1577 amplissimis
511 1498 610 1558 verbis
633 1497 832 1558 conlaudatum
846 1500 1032 1575 iu-iutegrum
1047 1497 1175 1558 resti—rs

137 1585 203 1659 tuit,
218 1583 332 1646 inducto
351 1583 448 1660 priore
464 1581 592 1641 decreto.

97 1677 126 1730 17
199 1665 313 1727 Recidit
331 1684 429 1725 rursus
452 1665 481 1724 iu
498 1665 651 1725 discrimen
672 1664 860 1743 aliud,inter
879 1663 1135 1725 socioscatilinae

38 1803 40 1813 .
137 1751 297 1811 nominatus
311 1757 342 1808 et
365 1748 440 1828 apud
454 1747 577 1808 Novium
591 1747 711 1824 Nigrum
727 1758 910 1827 quaestorem
928 1767 944 1812 a
958 1748 1046 1808 Lucio
1062 1749 1134 1808 Vet-

136 1836 177 1895 tio
194 1833 287 1907 indice
303 1842 332 1893 et
346 1833 374 1893 in
392 1840 494 1895 senatu
510 1851 526 1893 a
542 1832 647 1908 Quinto
662 1830 765 1909 Curio,
777 1833 836 1909 cui,
852 1831 929 1911 quod
942 1834 1048 1911 primus
1064 1847 1134 1892 cou-

138 1920 199 1981 silia
213 1911 425 1978 coniuratorum
435 1916 596 1992 detexerat,
609 1918 763 1976 constituta
774 1925 855 1976 erant
867 1916 982 1995 publice
994 1916 1133 1994 praemia.
1143 1931 1174 1971 aa

138 2002 241 2063 Curius
256 2020 272 2060 e
289 2000 411 2062 Catilina
427 2019 459 2061 se
475 2001 653 2077 cognovisse
669 1999 797 2076 dicebat,
814 2000 928 2060 Vettius
939 2000 1024 2059 etiam
1036 1998 1132 2059 chiro·

137 2086 278 2163 graphum
296 2086 376 2159 eius,
400 2083 540 2145 Catilinae
563 2083 672 2159 datum,
688 2082 889 2161 pollicebatur.
921 2082 954 2142 ld
971 2101 1042 2142 vero
1060 2080 1135 2142 Cae·

138 2187 185 2227 sar
200 2168 279 2226 nullo
295 2166 381 2226 modo
403 2166 582 2227 tolerandum
597 2167 778 2242 existimans,
802 2185 866 2227 curn
884 2166 1033 2245 'inplorato
1050 2164 1134 2225 Cice·

137 2252 216 2311 ronis
237 2250 401 2308 testimonio
423 2247 562 2327 quaedam
586 2267 618 2309 se
640 2249 676 2309 de
700 2251 897 2311 coniuratione
918 2250 993 2311 ultro
1015 2250 1136 2311 adeum

137 2332 275 2394 detulisse
291 2332 458 2407 docuisset,
474 2350 510 2392 ne
529 2331 616 2392 Curio
634 2334 761 2411 praemia
777 2332 911 2395 darentur
933 2334 1045 2402 effecit3
1061 2333 1175 2393 Vetas

126 2421 210 2479 tium
219 2414 390 2495 pignoribus
406 2418 510 2495 captis,
527 2425 555 2476 et
571 2416 681 2495 direpta
693 2417 875 2495 supellectile
890 2418 965 2478 male
980 2416 1135 2478 mulcatum

137 2520 172 2563 ac
188 2517 240 2596 pro
256 2501 358 2560 rostris
376 2500 405 2558 in
426 2503 559 2560 contione
576 2518 670 2579 paene
687 2500 878 2579 discerptum,
901 2502 1006 2563 coiecit
1023 2501 1052 2559 in
1070 2517 1133 2565 carr

138 2585 248 2654 cerem;
273 2582 376 2645 eodem
394 2582 518 2643 Novium
540 2592 739 2662 quaestorem,
763 2585 839 2662 quod
861 2583 1032 2664 compellari
1055 2582 1134 2663 apud

14 2728 19 2741 ,
137 2688 169 2729 se
185 2670 322 2729 maiorem
337 2675 510 2749 potestatem
526 2684 629 2748 passus
645 2677 734 2727 esset.

95 2768 128 2821 13
199 2751 245 2811 Ex
273 2760 406 2830 praetura
431 2751 596 2812 ulteriorem
621 2753 738 2812 sortitus
762 2751 946 2829 Hispaniam,
974 2752 1173 2811 retinenteseo

138 2833 300 2893 creditores
317 2837 478 2895 interventu
489 2851 663 2915 sponsorum
677 2837 808 2911 removit,
824 2853 860 2895 ac
872 2853 967 2913 neque
983 2852 1065 2893 more
1082 2853 1133 2895 ue·

137 2934 192 2994 que
209 2917 286 2994 iure,
308 2926 374 2977 ante
397 2934 479 2993 quam
498 2918 665 2995 provinciae
686 2928 872 2995 ornarentur,
898 2918 1047 2997 profectus
1068 2926 1133 2977 est:

136 3003 293 3075 incertum,
316 3008 430 3061 metune
452 3000 562 3077 iudicii,
587 3000 665 3079 quod
687 3002 799 3079 privato
824 3001 994 3082 parabatur,
1016 3020 1052 3061 an
1074 3018 1135 3082 quo

136 3082 272 3143 maturius
293 3082 380 3142 sociis
398 3082 607 3159 inplorantibus
628 3083 810 3155 subvenirem
835 3094 994 3164 pacataque
1014 3086 1132 3162 provin·

137 3167 198 3242 cia,
223 3165 284 3244 pari
307 3165 507 3241 testinatione,
529 3184 586 3226 non
602 3175 757 3245 expectato
773 3185 962 3245 successore,
982 3168 1018 3228 ad
1036 3169 1171 3228 trium-ao

137 3250 223 3328 plum
238 3248 320 3307 simul
338 3246 572 3327 consulatumque
594 3248 729 3309 decessit.
772 3251 830 3310 Sed
850 3270 929 3328 cum,
952 3251 1056 3312 edictis
1076 3252 1135 3313 iam

138 3330 263 3407 comitis,
287 3332 360 3391 ratio
379 3330 440 3391 eius
460 3328 561 3390 baberi
578 3350 641 3391 non,
653 3342 755 3411 posset
769 3334 823 3393 nisi
841 3336 970 3412 privatus
984 3336 1135 3395 introisset

135 3416 254 3493 urbem,
281 3423 310 3474 et
331 3412 464 3473 ambienti
484 3423 514 3472 ut
532 3413 655 3491 legibus>
668 3415 830 3477 solveretur
851 3418 931 3477 multi
951 3418 1132 3479 contradice-
