2475 3775
117 133 180 208 244'
202 118 233 204 c'.
246 153 396 204 suurcm
411 151 540 224 rma.
556 135 605 225 ,ΒΕ
622 151 703 199 vrrs
723 150 907 200 cssssaunr
923 151 991 198 urs.
1004 149 1079 200 vur.

118 319 148 372 ct
161 310 371 390 ipsissimago.
398 303 579 374 'Celebrabat
597 314 627 365 et
650 307 678 364 in
693 303 817 365 elllbano
838 305 1007 384 quotannis
1028 307 1116 381 Quin·

84 388 88 394 ’
118 395 229 471 quatria
251 392 414 468 Minervae,
441 391 486 450 cui
512 388 671 467 collegium
693 391 868 465 instituerat,
893 408 931 449 ex
954 406 1011 467 quo
1035 398 1116 451 sorte

65 540 69 547 ,
117 477 194 537 ducti
210 476 378 554 magisterio
396 475 585 552 iungerentur
600 473 778 550 ederentque
802 473 921 532 eximias
945 474 1115 535 venationes

117 569 147 620 et
166 562 302 620 scenicos
325 559 425 637 ludos,
449 575 595 638 superque
619 564 766 638 oratorum
790 573 825 617 ac
848 564 997 636 poetamm
1023 567 1114 618 certa·
1195 554 1214 594 ”⁴

117 661 203 703 muna.
980 701 983 718 ,
1123 669 1136 709 s

180 725 367 804 Congiarium
385 726 495 806 populo
513 743 691 786 nummorum
705 733 891 785 trecenorum
908 733 953 785 ter
966 723 1054 802 dedit,
1075 734 1114 785 at-

117 828 174 890 que
197 813 272 871 inter
297 810 466 890 spectacula
491 811 617 870 muneris
639 809 831 886 largissimum
855 809 980 888 epulum.
1020 809 1115 887 Septi-

116 895 244 956 montiali
268 911 354 956 sacro
379 893 508 973 quidem,
536 895 647 960 senatui
674 893 820 971 equitique
844 895 986 974 parariis,
1018 893 1117 972 plebei

117 978 267 1057 sportellis
286 980 350 1046 omn
373 977 497 1038 obsonio
520 976 695 1053 distributis,
719 977 827 1037 initium
847 977 984 1037 uescendi
1008 979 1116 1056 primus

106 1060 324 1139 -lccit;'dieque
343 1063 475 1138 proximo
493 1077 578 1120 omne
599 1078 693 1138 penus
710 1078 805 1120 rerum
819 1054 938 1124 missilia
950 1063 1073 1140 sparsit,
1084 1069 1148 1119 etna

117 1145 184 1222 quia
207 1161 276 1222 pars
299 1145 391 1204 maior
415 1146 490 1204 intra
513 1143 666 1223 popularia
696 1143 860 1221 deciderat,
897 1147 1115 1225 quinquagenas

82 1250 85 1255 ·
115 1236 245 1288 tesseras
266 1227 296 1285 in
318 1227 450 1306 singulos
473 1244 583 1289 cuneos
602 1229 747 1308 equestris
772 1245 807 1289 ac
839 1231 976 1291 senatorii
1007 1227 1115 1288 ordinis
1217 1223 1218 1284 l

117 1302 322 1390 pponuntia'rit.
354 1334 358 1341 ’
729 1357 731 1368 ,
1113 1342 1116 1348 -

88 1410 105 1462 5
178 1395 348 1456 Plurimaet
366 1395 542 1475 amplissima
561 1412 653 1474 opera
670 1393 803 1483 incendio
820 1395 971 1476 absumpta
981 1397 1116 1473 restituit,

115 1482 144 1541 iu
167 1481 231 1559 quis
251 1489 280 1540 et
300 1479 489 1560 Capitolium,
514 1479 592 1560 quod
611 1497 711 1540 rursus
732 1479 1151 1556 arserat51edomniasubrs

115 1563 198 1624 titulo
209 1571 315 1640 tantum
327 1581 380 1624 suo
394 1583 434 1625 ac
452 1563 592 1642 siueulla
611 1564 724 1643 pristini
741 1565 868 1624 auctoris
883 1566 1028 1626 memoria.
1054 1563 1116 1624 Νο-

115 1656 288 1714 remantem
303 1649 441 1709 excitavit
459 1648 559 1709 aedem
574 1649 604 1707 in
622 1647 767 1727 Capitolio
786 1646 907 1709 Custodi
923 1648 1003 1724 lovi,
1023 1655 1051 1706 et
1068 1647 1114 1706 io·

115 1748 177 1791 rum
195 1730 273 1810 quod
289 1746 365 1792 nunc
381 1730 498 1792 Nervae
514 1741 646 1808 vocatur,
664 1733 733 1791 item
752 1730 870 1793 Flaviae
889 1731 1025 1811 templum
1041 1749 1115 1810 gen·

72 1816 75 1827 ’
95 1817 152 1890 ἱῑῐε
170 1823 200 1874 et
216 1814 337 1877 sudium
355 1824 384 1875 et
402 1815 503 1878 Odium
521 1825 550 1876 et
568 1815 783 1894 naumachiam,
807 1835 825 1876 e
851 1817 932 1877 cuius
954 1823 1057 1896 postea
1074 1816 1118 1878 la·
1217 1847 1218 1871 r

115 1899 183 1978 pide
212 1902 352 1962 maximus
377 1900 499 1978 circus,
520 1900 633 1962 deustis
664 1902 805 1980 utrimque
834 1901 989 1977 lateribus,
1019 1910 1154 1969 extro-20
1216 1952 1217 1989 ,

116 1992 180 2043 ctas
197 1992 253 2044 est.
1216 1994 1217 2025 l

88 2076 106 2131 6
180 2066 390 2145 Expeditiones
402 2070 504 2149 partim
523 2079 629 2149 sponte
647 2070 786 2148 suscepit,
808 2072 910 2147 partim
927 2070 1117 2132 necessario:

49 2215 51 2220 ,
115 2158 221 2227 sponte
231 2151 261 2208 in
283 2148 421 2230 Catthos,
444 2154 614 2214 necessario
647 2170 730 2214 unam
756 2154 786 2213 iu
809 2153 973 2230 Sarmatas,
997 2153 1118 2231 legione
1215 2184 1216 2227 3

26 2295 32 2305 ,
116 2231 294 2309 cum‘legato
312 2235 395 2295 simul
414 2254 516 2313 caesa,
534 2237 563 2296 in
580 2237 680 2298 Dacos
703 2237 790 2314 duas,
806 2239 924 2316 primam
948 2237 1045 2316 Oppio
1066 2238 1118 2297 Sa·
1192 2304 1197 2319 ,

107 2315 183 2389 bino
197 2316 346 2377 consulari
357 2335 520 2397 oppresso,
543 2320 699 2381 secundam
717 2319 855 2381 Cornelio
868 2321 981 2398 Fusco,
1000 2322 1151 2401 praeis-ae

115 2408 165 2459 cto
181 2399 342 2460 cohortium
358 2405 624 2481 praetorianarum,
644 2406 689 2463 cui
714 2404 785 2467 belli
811 2423 946 2467 summam
964 2407 1117 2477 commise-

113 2492 168 2544 rat.
194 2483 240 2543 lle
258 2483 368 2546 Catthis
382 2485 529 2567 Dacisque
546 2496 614 2568 post
629 2487 709 2549 varia
726 2480 839 2567 proelia
856 2490 1001 2571 duplicem
1020 2491 1117 2549 trium·

84 2636 88 2650 Ι
114 2567 201 2711 plrnrq
224 2570 294 2649 egit.
339 2568 384 2631 De
413 2572 551 2633 Sarmatis
579 2571 708 2633 lauream
735 2573 822 2633 modo
855 2560 1022 2654 Capitolino
1052 2574 1117 2634 lovi

113 2661 190 2712 rettu
202 2654 233 2712 it.

173 2729 285 2797 Bellum
301 2738 387 2798 civile
399 2748 506 2799 motum
520 2759 538 2804 a
550 2739 583 2799 b.
599 2739 742 2817 Antonio,
763 2730 922 2820 superioris
944 2740 1116 2813 Germaniae
1128 2756 1152 2797 sc
1213 2718 1214 2734 ¹

108 2819 260 2895 praeside,
277 2822 405 2883 coniecit
421 2821 528 2883 absens
543 2822 685 2883 felicitate
699 2828 781 2899 mira,
801 2842 864 2886 cum
883 2826 947 2905 ipsa
958 2826 1116 2885 dimicatio·

114 2898 158 2957 nis
176 2898 250 2961 bora
269 2906 415 2967 resolutus
432 2916 556 2987 repente
572 2906 694 2991 libanus¹
712 2905 882 2969 transituras
905 2908 942 2969 ad
960 2908 1117 2969 Antonium
1152 2916 1158 2942 ¹
1212 2942 1213 2945 =

113 2982 216 3061 copias
235 2983 423 3050 barbarorum
436 2990 621 3051 inhibuisset.
664 2990 709 3051 De
732 3010 788 3070 qua
812 2994 935 3055 victoria
951 2992 1118 3073 praesagiis

113 3068 195 3144 prius
225 3085 309 3145 quam
334 3076 438 3133 nuntiis
458 3075 620 3155 comperit,
650 3074 790 3153 siquidem
813 3080 879 3156 ipso
914 3094 971 3155 quc
1000 3077 1118 3138 dimica·
1211 3106 1212 3167 q

112 3157 171 3209 tum
195 3159 258 3211 erat
285 3152 333 3212 die
354 3164 475 3218 statuam
504 3161 567 3220 eius
588 3158 700 3219 Romae
723 3159 845 3238 insignia
868 3159 964 3240 aquila
989 3164 1151 3220 circum-u
1210 3214 1211 3217 ,

113 3217 201 3312 plexa
219 3237 313 3316 pinnis
324 3237 485 3316 clangores
502 3242 677 3303 laetissimos
690 3242 794 3315 edidit;
812 3244 957 3325 pauloque
977 3253 1047 3324 post
1067 3261 1117 3304 oc·

113 3318 204 3378 cisum
214 3320 367 3383 Antonium
385 3322 458 3383 adeo
471 3324 617 3403 vulgatum
632 3334 687 3402 est,
706 3335 736 3385 ut
761 3337 846 3408 capnt
870 3345 987 3408 quoque
1008 3328 1118 3409 adpor-

82 3415 85 3420 ⁴
112 3405 199 3461 tatum
212 3407 274 3465 eius
295 3406 403 3467 vidisse
423 3423 456 3466 se
476 3406 608 3488 plerique
627 3409 843 3489 contenderent.
