2475 3775
532 189 703 240 suasurus.
1011 215 1015 224 ·
1057 182 1114 242 101

118 344 251 424 primorl;
267 352 298 403 et
312 344 338 406 si
352 360 437 424 quern
451 360 566 406 reorum
580 345 658 406 elabi
673 348 766 424 gratia
782 360 878 407 ruaror
894 356 989 425 esset,
1005 348 1117 410 subitus

118 427 220 488 aderat
239 427 407 507 iudicesque
427 439 475 489 ant
495 428 521 490 e'
534 429 622 509 plano
638 439 685 490 aut
700 448 717 490 e
733 431 908 509 quaesitoris
927 430 1060 492 tribunali
1074 433 1115 493 le-

114 530 186 590 gum
198 521 229 573 et
243 512 396 588 religionis
407 521 438 572 et
449 530 555 589 noxae,
570 513 606 574 de
618 533 674 593 qua
688 522 913 591 cognoscerent,
928 514 1114 584 admonebat;

116 607 203 675 utque
219 597 320 671 etiam,
339 598 363 655 si
379 615 435 675 qua
452 599 481 658 in
496 597 621 677 puhlicis
636 599 764 664 moribus
780 597 890 665 desidia
906 599 1036 660 autmala
1048 618 1114 660 cou-

92 679 267 748 asuetudine
289 679 436 757 labarent,
457 682 630 758 corrigenda
645 684 788 762 suscepit,
811 681 954 758 ludorum
968 701 1004 744 ac
1019 689 1158 744 mune-34

115 779 178 823 rum
192 765 337 843 impensus
353 765 508 844 corripuit,
526 765 708 827 mercedibus
724 767 906 828 scenicorum
919 769 1023 828 recisis
1041 769 1115 847 pari·

115 847 229 926 busque
244 847 437 925 gladiatorum
452 848 488 910 ad
504 858 614 910 certum
628 869 774 913 numerum
789 849 924 911 redactis.
952 850 1114 912 Corinthio·

114 949 178 991 rum
200 948 335 992 vasorum
356 935 448 1012 pretia
468 935 497 993 in
515 935 681 994 immensum
702 936 848 997 exarsisse
870 943 988 1016 tresque
1008 935 1115 996 mullos

117 1016 235 1092 triginta
260 1015 374 1076 milibus
397 1027 537 1077 nummum
555 1020 673 1078 uenisse
699 1021 828 1095 graviter
848 1029 1040 1098 conquestus,
1066 1019 1114 1080 ad·

78 1098 269 1162 aohibendum
294 1101 470 1179 supellectili
495 1101 609 1161 modum
635 1104 747 1162 censuit
774 1121 975 1182 annonamque
999 1103 1115 1166 macelli

88 1232 92 1236 .
114 1191 233 1244 senatos
246 1183 383 1245 arbitratu
398 1194 470 1264 quot
485 1182 807 1267 annistemperaudam,
823 1187 890 1248 dato
907 1187 1047 1250 aedilibus
1065 1191 1131 1247 ne·‘

113 1269 198 1346 gotio
225 1269 349 1347 popinas
370 1287 538 1348 ganeasque
559 1287 651 1348 usque
672 1287 709 1332 eo
729 1269 891 1346 inhibendi,
919 1280 950 1331 ut
968 1290 1004 1334 ue
1024 1289 1115 1351 opera

114 1350 231 1430 quidem
249 1353 371 1430 pistoria
385 1355 510 1432 proponi
526 1353 638 1415 venalia
653 1355 790 1416 sinerent.
818 1353 856 1416 Et
868 1364 899 1415 ut
913 1357 1114 1434 parsimoniam

115 1434 260 1515 publicam
281 1436 417 1515 exemplo
437 1455 552 1516 quoque
575 1439 704 1514 iuvaret,
726 1437 914 1501 sollemnibus
935 1439 998 1516 ipse
1016 1440 1114 1512 caenis

78 1546 104 1586 aa
114 1519 244 1599 pridiana
269 1538 359 1598 saepe
386 1538 420 1580 uc
443 1539 558 1582 semesa
583 1517 706 1582 obsonia
726 1524 862 1602 apposuit
884 1520 1114 1600 dimidiatumque
1154 1515 1161 1526 ‘

114 1621 232 1682 aprum,
247 1603 409 1681 aldrmans,
426 1606 529 1667 omnio
542 1606 651 1669 endem
664 1603 796 1681 ludere,
813 1623 893 1686 quoe
906 1603 1008 1668 totuin.

176 1685 328 1748 Cotidiana
348 1688 450 1748 oscrda
470 1688 568 1752 edicto
587 1689 749 1773 prohibuit,
772 1693 1018 1750 itemstrenarunr
1035 1707 1112 1749 corn·

113 1773 252 1832 mercium
273 1790 309 1832 ne
332 1771 405 1832 ultra
427 1771 491 1834 Kal.
508 1773 568 1834 lau.
590 1783 788 1834 exerceretur.
822 1773 983 1834 (donauerat
999 1773 1112 1852 quadri·

114 1856 345 1937 plarnstrenam,
359 1855 439 1918 etde
456 1874 548 1933 manu,
563 1856 701 1928 reddere;
714 1851 774 1918 'sed
791 1857 917 1919 offensus
934 1856 1113 1937 interpellari

74 1960 149 2009 ause
161 1949 224 2001 toto
238 1958 338 2001 mense
352 1940 388 2001 ab
404 1942 439 2001 iis
454 1943 502 2020 qui
520 1950 695 2020 potestatem
711 1943 754 2002 sui
771 1941 818 2002 die
835 1942 913 2002 festo
928 1958 985 2001 nou
999 1940 1112 2009 habuis

21 2039 25 2045 ·
113 2034 193 2103 sent,
214 2024 288 2086 ultra
306 2043 363 2085 non
379 2025 451 2086 tulit.
476 2026 624 2089 Matronae
638 2033 800 2106 prostratae
815 2025 987 2105 pudicitiae,
1010 2024 1154 2104 quibus35
1195 2070 1197 2075 ,

112 2118 266 2171 accusator
289 2108 422 2189 publicus
443 2109 574 2186 deesset,
596 2119 627 2169 ut
648 2111 805 2190 propinqui
826 2128 906 2170 more
922 2111 1060 2171 maiorum
1075 2107 1112 2167 de

67 2195 72 2201 '
112 2194 255 2259 communi
287 2197 429 2254 sententia
459 2203 634 2257 coercerent
668 2204 773 2255 auctor
793 2194 855 2256 luit.
897 2192 953 2273 Eq.
981 2192 1017 2255 ll.
1043 2194 1112 2253 iuris
1189 2230 1195 2243 -

112 2277 223 2338 iurandi
249 2279 370 2355 gratiam
389 2278 476 2356 lecit,
497 2297 618 2339 uxorem
639 2280 667 2339 iu
689 2289 789 2358 stupro
811 2280 914 2357 generi
936 2286 1113 2357 compertam

74 2361 285 2438 zadimitteret,
305 2380 388 2440 quarn
411 2382 443 2423 se
465 2382 615 2443 numquam
636 2364 850 2443 repudiaturum
871 2371 937 2423 aute
957 2363 1111 2423 iuraverat.

111 2445 248 2507 Feminae
269 2446 414 2524 famosae,
439 2456 469 2506 ut
483 2446 518 2507 ad
533 2447 682 2509 euitandas
702 2448 798 2527 legum
813 2465 924 2527 poenas
940 2447 1001 2505 iure
1021 2462 1056 2505 ac
1071 2443 1111 2501 di·

110 2532 221 2608 gnitate
245 2530 394 2591 matronali
415 2530 638 2609 exolverentur,
663 2532 838 2594 lenocinium
855 2528 986 2610 profiteri
1004 2544 1111 2604 coepe-

111 2623 191 2690 rant,
213 2623 243 2675 et
259 2633 296 2673 ex
311 2616 458 2674 iuventute
474 2616 624 2691 utriusque
641 2615 749 2675 ordinis
764 2611 1017 2694 profligatissimus
1034 2610 1110 2687 quis·

111 2716 186 2776 qne,
203 2714 262 2776 quo
278 2699 369 2757 miuus
383 2700 412 2757 in
428 2714 519 2776 opera
532 2715 657 2758 scaenae
670 2697 854 2776 harenaeque
869 2693 980 2757 edenda
995 2702 1111 2755 senatus

69 2791 101 2835 ω
111 2782 246 2847 consulto
261 2790 418 2859 teneretur,
432 2780 535 2841 famosi
550 2779 647 2840 iudicii
662 2789 758 2842 notam
772 2788 878 2860 sponte
893 2778 1039 2849 subibant;
1058 2796 1111 2839 eos

93 2883 220 2944 ‘easque
233 2882 344 2944 omnes,
361 2883 397 2925 ne
413 2863 490 2944 quod
505 2864 647 2941 refugium
664 2866 692 2923 in
707 2865 756 2926 tali
765 2862 866 2924 fraude
879 2864 1009 2945 cuiquam
1021 2871 1110 2941 esset,

9 2966 16 2973 ·
61 3002 65 3010 .
108 2949 200 3011 exilio
214 2949 329 3010 adiecit.
357 2950 490 3009 Senatori
505 2948 592 3012 latum
607 2947 720 3009 clavum
734 2947 849 3025 ademit,
864 2966 926 3009 curn
941 2954 1110 3026 cognosset,

107 3033 162 3095 snb
185 3030 252 3093 Kal.
273 3032 326 3095 lul.
349 3031 528 3111 demigrasse
552 3032 581 3092 iu
606 3031 725 3109 hortos,
753 3049 810 3111 quo
836 3031 918 3093 vilius
943 3041 1010 3113 post
1034 3031 1110 3092 diern

108 3117 199 3179 aedes
215 3118 245 3177 in
258 3117 329 3177 urhe
346 3116 532 3177 conduceret.
555 3115 652 3176 Alium
666 3124 695 3175 et
709 3124 864 3197 quaestura
878 3117 1014 3192 removit,
1031 3112 1109 3195 quod

69 3230 98 3271 35
107 3219 233 3263 uxorem
247 3201 341 3282 pridie
355 3202 535 3262 sortitionem
549 3200 663 3261 ductam
677 3198 819 3278 postridie
833 3199 1024 3280 repudiasset.
1049 3197 1107 3259 Ex·
1116 3203 1151 3257 36

106 3296 208 3347 ternam
225 3287 429 3362 caerimonias,
444 3284 609 3365 Aegyptios
626 3284 816 3364 Iudaicosque
832 3286 902 3345 ritus
919 3282 1108 3362 compescuit,
1180 3294 1184 3299 ·

105 3372 222 3431 conatis
239 3372 288 3449 qui
305 3370 511 3450 superstitione
527 3387 562 3431 eu
579 3368 750 3435 tenebantur
764 3369 920 3448 religiosas
933 3374 1032 3427 vestes
1045 3377 1109 3423 curu

104 3457 299 3515 instrumento
312 3457 387 3515 omui
400 3453 582 3517 combmere.
602 3452 773 3518 ludaeorum
784 3455 958 3514 iuventutem
974 3464 1027 3527 per
1041 3461 1108 3525 spe·
