2475 3775
370 182 371 185 ¹
478 196 491 257 ,¹
527 137 751 230 ammarum*
844 193 846 196 ·
979 170 1110 236 .107

122 332 161 394 uti
180 329 313 409 solebat,
336 331 402 410 regi
414 330 570 394 videretur.
599 332 676 393 l'nlnl
692 333 778 396 etiam
787 333 961 412 perindigne
975 345 1068 397 actum
1083 339 1112 398 iu

122 423 237 493 senatu,
258 424 289 476 ut
307 416 397 476 titulis
419 419 480 478 suis
500 417 581 495 qnasi
595 419 737 494 Augusti,
757 419 797 477 ita
812 426 847 485 ¹et
860 417 986 479 Liviae
1006 421 1112 481 iilius

104 500 293 563 adiceretur.
322 501 420 576 Quare
436 519 495 561 uon
515 509 707 580 parentem
723 501 864 580 patriae
881 502 1112 581 appellari‚’uon

120 584 208 644 ullum
223 583 367 661 indguem
382 584 672 664 honoremrecipere
689 585 806 665 publice
821 581 925 664 passus
941 594 999 654 est;
1015 585 1067 646 sed
1084 595 1113 646 et
1206 601 1208 612 ¹

99 669 289 747 aireqnenter
310 667 468 754 admonpin
486 668 643 729 maioribus
665 686 721 730 neo
735 669 859 730 feminae
877 669 1113 730 conuenientibus

121 751 248 829 negotiis
261 749 436 829 abstineret,
453 753 612 832 praecipue
625 759 655 812 nt
667 752 873 830 animaduertit,
888 752 1021 814 incendio
1036 755 1113 816 iuxta
1186 819 1188 825 ,

121 835 222 898 aedem
239 837 348 896 Vestae
368 845 399 896 et
419 838 512 916 ipsam
531 838 722 898 intervenisse
741 836 936 917 populumque
954 846 984 897 et
997 837 1113 913 milites,

122 936 178 1000 (pro
192 919 305 979 enixius
320 937 406 1000 opem
420 921 542 1000 ferrent,
556 920 743 998 adhortatam,
759 921 833 980 sicut
844 921 896 980 sub
910 922 1012 982 marito
1029 921 1114 981 solita

122 1011 211 1064 esset.
238 1001 351 1064 Dehinc
366 1003 402 1064 nd
418 1000 587 1064 simultatem
600 1023 692 1084 usque
709 1005 942 1084 processuum,
961 1014 991 1065 nt
1008 1004 1112 1080 ferunt,
1120 1013 1155 1066 51

87 1087 158 1154 m'de
178 1104 275 1148 cansa.
303 1087 422 1148 instanti
443 1087 583 1168 saepiusp
597 1097 630 1149 nt
650 1090 765 1150 civitate
787 1089 921 1151 donatum
936 1090 965 1149 in
981 1088 1113 1168 deo-urias

120 1170 287 1249 adlegeret,
309 1173 427 1249 uomit
445 1171 502 1232 alia
523 1190 556 1232 se
580 1172 744 1243 conddione
767 1172 957 1252 adiecturum,
983 1187 1067 1253 qnam
1090 1173 1115 1231 si
1208 1215 1217 1243 ,

121 1263 269 1336 pateretur
289 1255 498 1333 assabinum,
523 1253 676 1318 mortono
695 1257 730 1317 td
747 1255 809 1318 etot
829 1275 850 1318 o
872 1263 985 1317 matre
1011 1254 1050 1316 At
1064 1255 1115 1316 illa

121 1347 266 1401 commota
285 1347 402 1410 veteres
421 1339 562 1418 quosdam
577 1340 662 1401 adse
676 1339 800 1418 Augusti
816 1340 966 1403 codicillos
982 1339 1018 1400 de
1035 1357 1114 1400 acer·

120 1422 211 1484 bitate
234 1431 266 1483 et
284 1421 467 1484 intolerantia
490 1442 601 1484 morum
623 1425 684 1484 eius
707 1443 724 1485 e
743 1426 871 1486 sacrario
893 1421 1012 1505 protulit
1030 1432 1114 1502 atque

83 1507 265 1569 urrecitnvit.
288 1506 350 1567 llos
367 1515 397 1568 et
415 1509 577 1569 custoditos
597 1516 655 1568 tam
676 1507 724 1574 din
741 1517 771 1568 et
790 1508 990 1598 exprobratos
1000 1517 1056 1568 tam
1067 1507 1114 1565 in·

120 1591 199 1652 leste
227 1590 302 1652 adeo
327 1591 457 1668 graviter
477 1593 564 1668 tulit,
589 1600 619 1652 ut
643 1591 755 1672 quidam
776 1601 893 1671 putent,
917 1594 992 1654 inter
1014 1608 1116 1652 causas

121 1692 260 1736 secessus
275 1673 392 1737 hancei
409 1674 457 1734 rel
470 1675 654 1754 praecipuam
668 1676 769 1736 inisse.
804 1674 878 1736 'loto
896 1676 1011 1755 quidem
1030 1677 1115 1735 trien·

120 1758 188 1833 nio,
217 1775 274 1838 quo
296 1759 413 1827 vivente
434 1767 525 1818 matre
545 1759 628 1836 aluit,
655 1758 746 1818 semel
767 1759 881 1819 omnino
903 1777 965 1819 enm
982 1777 1037 1818 nec
1060 1775 1116 1818 am·

121 1841 199 1923 plius
210 1859 300 1923 ‘qnam
321 1859 378 1903 uno
400 1841 447 1902 die
467 1841 649 1921 paucissimis
669 1842 740 1903 vidit
761 1841 857 1911 horis:
879 1859 913 1902 ac
933 1859 1002 1902 mox
1022 1855 1117 1919 neque

86 1943 232 2009 musgrae
258 1925 362 1994 adesse
386 1927 497 1987 curavit
514 1926 735 2005 defunctamque
758 1924 891 2003 etpdum
909 1921 1056 1985 adventus
1072 1922 1118 1981 sni

121 2012 206 2089 sp'em
233 2009 321 2088 iacit,
348 2009 538 2090 complurium
564 2010 673 2071 dierum
693 2026 775 2076 mora
797 2018 933 2089 corrupto
954 2009 1065 2070 demum
1088 2012 1118 2079 et

121 2091 223 2154 tabido
253 2110 382 2173 corpore
408 2095 566 2155 iuneratam
593 2094 740 2174 prohibuit
765 2094 949 2171 consecrari,
985 2093 1065 2171 quasi
1088 2088 1118 2149 id
1173 2114 1180 2126 ·

120 2176 188 2257 ipsa
199 2176 372 2241 mandasset.
397 2177 608 2239 Testamentum
622 2186 741 2258 quoqne
759 2179 821 2238 eius
840 2195 894 2257 pro
911 2177 991 2238 irrito
1010 2175 1117 2250 habuit,

121 2261 274 2339 omnisque
290 2262 428 2323 amicitias
450 2271 480 2321 et
500 2262 720 2340 familiaritates,
739 2263 823 2323 etiam
841 2260 943 2341 quibus
957 2279 991 2321 ea
1009 2258 1118 2321 luneris

86 2345 277 2408 msui'cnram
291 2345 658 2423 moriensdemandarerat‚
672 2348 747 2407 intra
765 2345 856 2407 breue
874 2355 987 2424 tempus
1006 2343 1118 2415 afflixit,

123 2446 187 2489 nno
198 2447 237 2488 ex
254 2430 301 2505 iis,
318 2432 461 2508 equestris
480 2430 587 2491 ordinis
601 2431 676 2507 viro,
695 2439 724 2491 et
741 2432 769 2489 iu
788 2430 902 2491 antliam
918 2425 1117 2489 condemnato.

102 2520 108 2525 '
187 2511 325 2573 Filiorum
344 2530 438 2593 nepae
452 2514 610 2574 naturalem
621 2512 744 2574 Drusum
757 2523 853 2590 neque
868 2511 1032 2589 adoptivum
1049 2507 1160 2575 Ger-52

121 2596 266 2657 manicam
285 2598 376 2675 patria
398 2597 518 2672 caritate
530 2596 642 2673 dilexit,
658 2597 776 2657 alterins
790 2597 867 2655 vitiis
887 2594 1030 2653 infensus
1046 2589 1118 2650 Nam
1210 2658 1214 2671 Ι

27 2710 31 2716 ’
121 2678 235 2739 Drusus
248 2679 378 2741 dnxioris
399 2679 630 2757 remissiorisque
649 2680 727 2744 vitae
741 2685 812 2738 erat.
844 2676 944 2754 ltaque
957 2693 992 2735 ne
1006 2682 1118 2739 mortuo

85 2774 114 2818 ao
125 2761 242 2841 quidem
262 2763 383 2843 perinde
398 2760 529 2825 adiectus
544 2769 599 2840 ost,
615 2760 668 2821 sed
684 2770 791 2822 tantum
804 2777 867 2819 non
877 2759 969 2819 statim
986 2776 1002 2819 a
1018 2758 1122 2818 iuuere

122 2845 161 2908 ad
189 2848 373 2924 negotiorum
401 2843 636 2906 consuetudinem
662 2843 765 2921 rediit,
792 2842 898 2904 iustitio
920 2842 1055 2919 longiore
1076 2842 1117 2903 in·

121 2928 228 2991 luibito.
261 2930 336 3005 Quin
357 2938 387 2990 et
405 2928 551 2989 iliensium
566 2928 671 3007 legatis
685 2926 773 3009 paulo
787 2928 880 2987 serius
895 2924 1119 3002 consolantibus,

122 3014 209 3093 qnasi
235 3012 387 3075 obliterata
411 3014 467 3074 iam
493 3012 603 3073 doloris
625 3011 777 3089 memoria,
803 3010 926 3071 irridens
947 3029 982 3071 se
1003 3027 1121 3091 qaoque

117 3096 278 3178 respondit
293 3098 389 3159 otono
407 3096 649 3178 commolere,
671 3094 755 3177 quod
770 3095 922 3177 cyr-epium
943 3095 1037 3157 cicun
1057 3091 1118 3155 He·

84 3187 244 3263 merorem
262 3180 446 3242 omisissent.
479 3180 649 3243 Germanico
670 3194 761 3257 usque
784 3177 856 3239 adeo
879 3178 1065 3253 obtrectavit‚
1090 3182 1121 3235 ut
1158 3193 1163 3206 Χ

121 3274 155 3327 et
182 3265 335 3343 praeclara
360 3265 436 3325 iacta
457 3266 519 3326 eius
537 3281 593 3344 pro
615 3263 803 3342 supervacuis
822 3263 944 3325 eleuarit
963 3270 995 3323 et
1012 3259 1119 3345 glorio·

122 3348 259 3410 sissimus
285 3350 424 3411 victorias
449 3366 503 3409 een
530 3347 682 3409 damnosas
708 3348 752 3407 rei
774 3366 803 3427 p.
824 3348 998 3425 increparet.
1037 3339 1121 3414 Quod

121 3448 201 3494 vero
224 3430 435 3494 Alexandream
454 3440 577 3511 propter
594 3432 759 3493 immensam
779 3440 808 3491 et
826 3428 1004 3508 repentinam
1018 3424 1120 3483 famem
