<?xml version="1.0" encoding="UTF-8"?>
<!DOCTYPE html PUBLIC "-//W3C//DTD XHTML 1.0 Transitional//EN"
    "http://www.w3.org/TR/xhtml1/DTD/xhtml1-transitional.dtd">
<html xmlns="http://www.w3.org/1999/xhtml" xml:lang="en" lang="en">
 <head>
  <title>
</title>
<meta http-equiv="Content-Type" content="text/html;charset=utf-8" />
  <meta name='ocr-system' content='tesseract 3.04.00' />
  <meta name='ocr-capabilities' content='ocr_page ocr_carea ocr_par ocr_line ocrx_word'/>
</head>
<body>
  <div class='ocr_page' id='page_1' title='image "./csuetonitranqui03rothgoog_0279.png"; bbox 0 0 2475 3775; ppageno 0'>
   <div class='ocr_carea' id='block_1_1' title="bbox 470 101 1122 178">
    <p class='ocr_par' dir='ltr' id='par_1_1' title="bbox 470 101 1122 178">
     <span class='ocr_line' id='line_1_1' title="bbox 470 101 1122 178; baseline 0.008 -6"><span class='ocrx_word' id='word_1_1' title='bbox 470 124 575 173; x_wconf 82' lang='lat' dir='ltr'><strong>nurus</strong></span> <span class='ocrx_word' id='word_1_2' title='bbox 595 101 1122 178; x_wconf 71' lang='lat' dir='ltr'><strong>consumatio</strong></span> 
     </span>
    </p>
   </div>
   <div class='ocr_carea' id='block_1_2' title="bbox 6 249 1227 2875">
    <p class='ocr_par' dir='ltr' id='par_1_2' title="bbox 7 249 1227 695">
     <span class='ocr_line' id='line_1_2' title="bbox 125 249 1188 399; baseline 0.002 -59"><span class='ocrx_word' id='word_1_3' title='bbox 125 281 301 341; x_wconf 81' lang='lat' dir='ltr'><strong>eonscientia</strong></span> <span class='ocrx_word' id='word_1_4' title='bbox 317 298 450 359; x_wconf 89' lang='lat' dir='ltr'><strong>quoque,</strong></span> <span class='ocrx_word' id='word_1_5' title='bbox 466 279 629 345; x_wconf 79' lang='lat' dir='ltr'><strong>deernimus</strong></span> <span class='ocrx_word' id='word_1_6' title='bbox 646 249 793 340; x_wconf 73' lang='lat' dir='ltr'><strong>delatores</strong></span> <span class='ocrx_word' id='word_1_7' title='bbox 807 281 960 342; x_wconf 87' lang='lat' dir='ltr'><strong>multorum</strong></span> <span class='ocrx_word' id='word_1_8' title='bbox 976 299 1121 384; x_wconf 78' lang='lat' dir='ltr'><strong>crimmum</strong></span> <span class='ocrx_word' id='word_1_9' title='bbox 1123 310 1188 399; x_wconf 60' lang='grc' dir='ltr'><em>β</em></span> 
     </span>
     <span class='ocr_line' id='line_1_3' title="bbox 125 364 575 442; baseline -0.004 -17"><span class='ocrx_word' id='word_1_10' title='bbox 125 364 293 442; x_wconf 79' lang='lat' dir='ltr'><strong>arguebant.</strong></span> <span class='ocrx_word' id='word_1_11' title='bbox 572 386 575 388; x_wconf 61' lang='grc'>’</span> 
     </span>
     <span class='ocr_line' id='line_1_4' title="bbox 186 413 1126 528; baseline 0.001 -21"><span class='ocrx_word' id='word_1_12' title='bbox 186 447 225 507; x_wconf 83' lang='grc' dir='ltr'><strong>ιιι</strong></span> <span class='ocrx_word' id='word_1_13' title='bbox 241 466 354 509; x_wconf 87' lang='lat' dir='ltr'><strong>ueneno</strong></span> <span class='ocrx_word' id='word_1_14' title='bbox 370 447 485 526; x_wconf 90' lang='lat' dir='ltr'><strong>quidem</strong></span> <span class='ocrx_word' id='word_1_15' title='bbox 500 449 628 507; x_wconf 82' lang='lat' dir='ltr'><strong>necisum</strong></span> <span class='ocrx_word' id='word_1_16' title='bbox 651 413 801 518; x_wconf 81' lang='lat' dir='ltr'><strong>eonvenit3</strong></span> <span class='ocrx_word' id='word_1_17' title='bbox 831 448 880 507; x_wconf 92' lang='lat' dir='ltr'><strong>nbi</strong></span> <span class='ocrx_word' id='word_1_18' title='bbox 902 457 995 508; x_wconf 88' lang='lat' dir='ltr'><strong>autem</strong></span> <span class='ocrx_word' id='word_1_19' title='bbox 1017 458 1047 508; x_wconf 90' lang='lat' dir='ltr'><strong>et</strong></span> <span class='ocrx_word' id='word_1_20' title='bbox 1068 467 1126 528; x_wconf 90' lang='lat' dir='ltr'><strong>per</strong></span> 
     </span>
     <span class='ocr_line' id='line_1_5' title="bbox 124 529 1227 612; baseline 0 -20"><span class='ocrx_word' id='word_1_21' title='bbox 124 549 210 611; x_wconf 91' lang='lat' dir='ltr'><strong>quem</strong></span> <span class='ocrx_word' id='word_1_22' title='bbox 222 532 289 593; x_wconf 83' lang='lat' dir='ltr'><strong>dato</strong></span> <span class='ocrx_word' id='word_1_23' title='bbox 295 531 478 611; x_wconf 76' lang='lat' dir='ltr'><strong>,discrepat</strong></span> <span class='ocrx_word' id='word_1_24' title='bbox 503 529 624 606; x_wconf 82' lang='lat' dir='ltr'><strong>Quidam</strong></span> <span class='ocrx_word' id='word_1_25' title='bbox 637 530 765 610; x_wconf 87' lang='lat' dir='ltr'><strong>tradunt,</strong></span> <span class='ocrx_word' id='word_1_26' title='bbox 781 533 954 612; x_wconf 80' lang='lat' dir='ltr'><strong>epulantium</strong></span> <span class='ocrx_word' id='word_1_27' title='bbox 972 549 1041 591; x_wconf 87' lang='lat' dir='ltr'><strong>aree</strong></span> <span class='ocrx_word' id='word_1_28' title='bbox 1057 551 1121 592; x_wconf 88' lang='lat' dir='ltr'><strong>oum</strong></span> <span class='ocrx_word' id='word_1_29' title='bbox 1222 573 1227 592; x_wconf 56' lang='grc' dir='ltr'><strong>ι</strong></span> 
     </span>
     <span class='ocr_line' id='line_1_6' title="bbox 7 614 1120 704; baseline -0.001 -29"><span class='ocrx_word' id='word_1_30' title='bbox 7 632 8 651; x_wconf 62' lang='lat'>¹</span> <span class='ocrx_word' id='word_1_31' title='bbox 104 615 327 677; x_wconf 83' lang='lat' dir='ltr'><strong>ssaoerdotibus</strong></span> <span class='ocrx_word' id='word_1_32' title='bbox 354 634 420 695; x_wconf 90' lang='lat' dir='ltr'><strong>per</strong></span> <span class='ocrx_word' id='word_1_33' title='bbox 416 615 561 676; x_wconf 76' lang='lat' dir='ltr'><strong>Halotum</strong></span> <span class='ocrx_word' id='word_1_34' title='bbox 582 614 742 704; x_wconf 81' lang='lat' dir='ltr'><strong>spadonem</strong></span> <span class='ocrx_word' id='word_1_35' title='bbox 767 625 1034 698; x_wconf 68' lang='lat' dir='ltr'><strong>praegustatorem</strong></span> <span class='ocrx_word' id='word_1_36' title='bbox 1062 617 1120 693; x_wconf 89' lang='lat' dir='ltr'><strong>alii,</strong></span> 
     </span>
    </p>

    <p class='ocr_par' dir='ltr' id='par_1_3' title="bbox 7 699 1192 1030">
     <span class='ocr_line' id='line_1_7' title="bbox 7 699 1192 779; baseline 0 -19"><span class='ocrx_word' id='word_1_37' title='bbox 7 706 9 711; x_wconf 77' lang='grc'>’</span> <span class='ocrx_word' id='word_1_38' title='bbox 124 700 285 760; x_wconf 73' lang='lat' dir='ltr'><strong>domestico</strong></span> <span class='ocrx_word' id='word_1_39' title='bbox 308 701 443 760; x_wconf 77' lang='lat' dir='ltr'><strong>convivio</strong></span> <span class='ocrx_word' id='word_1_40' title='bbox 463 718 517 779; x_wconf 83' lang='lat' dir='ltr'><strong>per</strong></span> <span class='ocrx_word' id='word_1_41' title='bbox 542 701 635 778; x_wconf 80' lang='lat' dir='ltr'><strong>ipsam</strong></span> <span class='ocrx_word' id='word_1_42' title='bbox 656 699 864 778; x_wconf 79' lang='lat' dir='ltr'><strong>Agrippinam,</strong></span> <span class='ocrx_word' id='word_1_43' title='bbox 896 717 970 779; x_wconf 87' lang='lat' dir='ltr'><strong>quae</strong></span> <span class='ocrx_word' id='word_1_44' title='bbox 992 699 1122 761; x_wconf 90' lang='lat' dir='ltr'><strong>boletum</strong></span> <span class='ocrx_word' id='word_1_45' title='bbox 1189 734 1192 740; x_wconf 94' lang='lat'>·</span> 
     </span>
     <span class='ocr_line' id='line_1_8' title="bbox 122 778 1122 864; baseline -0.002 -20"><span class='ocrx_word' id='word_1_46' title='bbox 122 778 293 844; x_wconf 83' lang='lat' dir='ltr'><strong>medicatum</strong></span> <span class='ocrx_word' id='word_1_47' title='bbox 313 783 476 845; x_wconf 80' lang='lat' dir='ltr'><strong>avidissimo</strong></span> <span class='ocrx_word' id='word_1_48' title='bbox 505 782 637 844; x_wconf 78' lang='lat' dir='ltr'><strong>ciborum</strong></span> <span class='ocrx_word' id='word_1_49' title='bbox 656 783 753 844; x_wconf 88' lang='lat' dir='ltr'><strong>talium</strong></span> <span class='ocrx_word' id='word_1_50' title='bbox 777 783 931 864; x_wconf 82' lang='lat' dir='ltr'><strong>optulerat.</strong></span> <span class='ocrx_word' id='word_1_51' title='bbox 969 783 1064 844; x_wconf 82' lang='lat' dir='ltr'><strong>Etiam</strong></span> <span class='ocrx_word' id='word_1_52' title='bbox 1084 782 1122 842; x_wconf 90' lang='lat' dir='ltr'><strong>de</strong></span> 
     </span>
     <span class='ocr_line' id='line_1_9' title="bbox 123 866 1120 946; baseline -0.002 -18"><span class='ocrx_word' id='word_1_53' title='bbox 123 866 366 946; x_wconf 79' lang='lat' dir='ltr'><strong>subsequentibus</strong></span> <span class='ocrx_word' id='word_1_54' title='bbox 381 868 495 928; x_wconf 82' lang='lat' dir='ltr'><strong>diuersa</strong></span> <span class='ocrx_word' id='word_1_55' title='bbox 512 868 587 929; x_wconf 83' lang='lat' dir='ltr'><strong>lama</strong></span> <span class='ocrx_word' id='word_1_56' title='bbox 599 875 658 930; x_wconf 87' lang='lat' dir='ltr'><strong>est</strong></span> <span class='ocrx_word' id='word_1_57' title='bbox 680 867 761 928; x_wconf 89' lang='lat' dir='ltr'><strong>blulti</strong></span> <span class='ocrx_word' id='word_1_58' title='bbox 778 869 873 938; x_wconf 83' lang='lat' dir='ltr'><strong>statim</strong></span> <span class='ocrx_word' id='word_1_59' title='bbox 886 867 989 929; x_wconf 88' lang='lat' dir='ltr'><strong>hausto</strong></span> <span class='ocrx_word' id='word_1_60' title='bbox 1004 884 1120 928; x_wconf 87' lang='lat' dir='ltr'><strong>ueneno</strong></span> 
     </span>
     <span class='ocr_line' id='line_1_10' title="bbox 124 951 1120 1030; baseline -0.003 -17"><span class='ocrx_word' id='word_1_61' title='bbox 124 951 300 1013; x_wconf 87' lang='lat' dir='ltr'><strong>obmutuisse</strong></span> <span class='ocrx_word' id='word_1_62' title='bbox 315 953 394 1012; x_wconf 92' lang='lat' dir='ltr'><strong>aiunt</strong></span> <span class='ocrx_word' id='word_1_63' title='bbox 397 953 677 1030; x_wconf 77' lang='lat' dir='ltr'><strong>,excruciatumque</strong></span> <span class='ocrx_word' id='word_1_64' title='bbox 695 951 844 1012; x_wconf 89' lang='lat' dir='ltr'><strong>doloribus</strong></span> <span class='ocrx_word' id='word_1_65' title='bbox 859 961 947 1012; x_wconf 90' lang='lat' dir='ltr'><strong>noete</strong></span> <span class='ocrx_word' id='word_1_66' title='bbox 963 960 1024 1013; x_wconf 90' lang='lat' dir='ltr'><strong>tota</strong></span> <span class='ocrx_word' id='word_1_67' title='bbox 1041 951 1120 1010; x_wconf 85' lang='lat' dir='ltr'><strong>dele·</strong></span> 
     </span>
    </p>

    <p class='ocr_par' dir='ltr' id='par_1_4' title="bbox 87 998 1122 1116">
     <span class='ocr_line' id='line_1_11' title="bbox 87 998 1122 1116; baseline 0 -22"><span class='ocrx_word' id='word_1_68' title='bbox 87 1051 115 1094; x_wconf 88' lang='grc' dir='ltr'><strong>ιι</strong></span> <span class='ocrx_word' id='word_1_69' title='bbox 125 1037 203 1096; x_wconf 82' lang='lat' dir='ltr'><strong>nisse</strong></span> <span class='ocrx_word' id='word_1_70' title='bbox 218 1053 311 1114; x_wconf 87' lang='lat' dir='ltr'><strong>prope</strong></span> <span class='ocrx_word' id='word_1_71' title='bbox 329 998 434 1097; x_wconf 79' lang='lat' dir='ltr'><strong>lueeln.</strong></span> <span class='ocrx_word' id='word_1_72' title='bbox 459 1034 621 1096; x_wconf 85' lang='lat' dir='ltr'><strong>Nonnulli</strong></span> <span class='ocrx_word' id='word_1_73' title='bbox 612 1045 687 1097; x_wconf 89' lang='lat' dir='ltr'><strong>unter</strong></span> <span class='ocrx_word' id='word_1_74' title='bbox 703 1036 781 1097; x_wconf 86' lang='lat' dir='ltr'><strong>initia</strong></span> <span class='ocrx_word' id='word_1_75' title='bbox 798 1038 997 1116; x_wconf 82' lang='lat' dir='ltr'><strong>consopitum,</strong></span> <span class='ocrx_word' id='word_1_76' title='bbox 1017 1034 1122 1116; x_wconf 86' lang='lat' dir='ltr'><strong>deinde</strong></span> 
     </span>
    </p>

    <p class='ocr_par' dir='ltr' id='par_1_5' title="bbox 124 1118 1121 1200">
     <span class='ocr_line' id='line_1_12' title="bbox 124 1118 1121 1200; baseline 0 -21"><span class='ocrx_word' id='word_1_77' title='bbox 124 1119 192 1179; x_wconf 88' lang='lat' dir='ltr'><strong>oibo</strong></span> <span class='ocrx_word' id='word_1_78' title='bbox 207 1118 342 1180; x_wconf 85' lang='lat' dir='ltr'><strong>affluente</strong></span> <span class='ocrx_word' id='word_1_79' title='bbox 358 1120 524 1180; x_wconf 88' lang='lat' dir='ltr'><strong>evomuisse</strong></span> <span class='ocrx_word' id='word_1_80' title='bbox 539 1120 649 1197; x_wconf 91' lang='lat' dir='ltr'><strong>omnia,</strong></span> <span class='ocrx_word' id='word_1_81' title='bbox 665 1121 876 1200; x_wconf 86' lang='lat' dir='ltr'><strong>repetitumque</strong></span> <span class='ocrx_word' id='word_1_82' title='bbox 894 1122 1016 1196; x_wconf 80' lang='lat' dir='ltr'><strong>toxico,</strong></span> <span class='ocrx_word' id='word_1_83' title='bbox 1027 1121 1121 1180; x_wconf 88' lang='lat' dir='ltr'><strong>ineer-</strong></span> 
     </span>
    </p>

    <p class='ocr_par' dir='ltr' id='par_1_6' title="bbox 53 1202 1122 1284">
     <span class='ocr_line' id='line_1_13' title="bbox 53 1202 1122 1284; baseline -0.001 -22"><span class='ocrx_word' id='word_1_84' title='bbox 53 1228 56 1232; x_wconf 51' lang='lat'><em>⁴</em></span> <span class='ocrx_word' id='word_1_85' title='bbox 89 1236 93 1251; x_wconf 89' lang='lat'>·</span> <span class='ocrx_word' id='word_1_86' title='bbox 122 1202 300 1282; x_wconf 84' lang='lat' dir='ltr'><strong>tumpultiue</strong></span> <span class='ocrx_word' id='word_1_87' title='bbox 311 1203 427 1280; x_wconf 86' lang='lat' dir='ltr'><strong>addito,</strong></span> <span class='ocrx_word' id='word_1_88' title='bbox 440 1215 504 1263; x_wconf 88' lang='lat' dir='ltr'><strong>enm</strong></span> <span class='ocrx_word' id='word_1_89' title='bbox 515 1203 595 1263; x_wconf 90' lang='lat' dir='ltr'><strong>velut</strong></span> <span class='ocrx_word' id='word_1_90' title='bbox 606 1202 775 1263; x_wconf 81' lang='lat' dir='ltr'><strong>exhaustum</strong></span> <span class='ocrx_word' id='word_1_91' title='bbox 786 1205 869 1266; x_wconf 83' lang='lat' dir='ltr'><strong>reliei</strong></span> <span class='ocrx_word' id='word_1_92' title='bbox 884 1203 950 1264; x_wconf 85' lang='lat' dir='ltr'><strong>oibo</strong></span> <span class='ocrx_word' id='word_1_93' title='bbox 960 1211 1122 1284; x_wconf 89' lang='lat' dir='ltr'><strong>oporteret,</strong></span> 
     </span>
    </p>

    <p class='ocr_par' dir='ltr' id='par_1_7' title="bbox 122 1286 1166 1448">
     <span class='ocr_line' id='line_1_14' title="bbox 124 1286 1123 1367; baseline -0.004 -19"><span class='ocrx_word' id='word_1_94' title='bbox 124 1306 161 1348; x_wconf 89' lang='lat' dir='ltr'><strong>an</strong></span> <span class='ocrx_word' id='word_1_95' title='bbox 175 1287 301 1347; x_wconf 90' lang='lat' dir='ltr'><strong>immisso</strong></span> <span class='ocrx_word' id='word_1_96' title='bbox 320 1305 374 1367; x_wconf 91' lang='lat' dir='ltr'><strong>per</strong></span> <span class='ocrx_word' id='word_1_97' title='bbox 389 1287 536 1364; x_wconf 74' lang='lat' dir='ltr'><strong>olpstera,</strong></span> <span class='ocrx_word' id='word_1_98' title='bbox 549 1296 581 1346; x_wconf 90' lang='lat' dir='ltr'><strong>ut</strong></span> <span class='ocrx_word' id='word_1_99' title='bbox 597 1287 680 1365; x_wconf 88' lang='lat' dir='ltr'><strong>quasi</strong></span> <span class='ocrx_word' id='word_1_100' title='bbox 696 1286 868 1348; x_wconf 92' lang='lat' dir='ltr'><strong>abundantia</strong></span> <span class='ocrx_word' id='word_1_101' title='bbox 882 1287 1025 1348; x_wconf 86' lang='lat' dir='ltr'><strong>laboranti</strong></span> <span class='ocrx_word' id='word_1_102' title='bbox 1037 1288 1123 1346; x_wconf 90' lang='lat' dir='ltr'><strong>etiam</strong></span> 
     </span>
     <span class='ocr_line' id='line_1_15' title="bbox 122 1369 1166 1448; baseline 0.004 -18"><span class='ocrx_word' id='word_1_103' title='bbox 122 1371 182 1430; x_wconf 88' lang='lat' dir='ltr'><strong>boo</strong></span> <span class='ocrx_word' id='word_1_104' title='bbox 197 1389 309 1448; x_wconf 82' lang='lat' dir='ltr'><strong>genere</strong></span> <span class='ocrx_word' id='word_1_105' title='bbox 322 1372 482 1448; x_wconf 83' lang='lat' dir='ltr'><strong>egestionis</strong></span> <span class='ocrx_word' id='word_1_106' title='bbox 497 1370 707 1441; x_wconf 85' lang='lat' dir='ltr'><strong>subveniretur.</strong></span> <span class='ocrx_word' id='word_1_107' title='bbox 723 1371 846 1431; x_wconf 79' lang='lat' dir='ltr'><strong>llors&#39;</strong></span> <span class='ocrx_word' id='word_1_108' title='bbox 819 1389 881 1432; x_wconf 90' lang='lat' dir='ltr'><strong>ems</strong></span> <span class='ocrx_word' id='word_1_109' title='bbox 894 1371 987 1432; x_wconf 84' lang='lat' dir='ltr'><strong>celata</strong></span> <span class='ocrx_word' id='word_1_110' title='bbox 999 1379 1053 1447; x_wconf 90' lang='lat' dir='ltr'><strong>est,</strong></span> <span class='ocrx_word' id='word_1_111' title='bbox 1071 1369 1120 1430; x_wconf 93' lang='lat' dir='ltr'><strong>do·</strong></span> <span class='ocrx_word' id='word_1_112' title='bbox 1129 1378 1166 1434; x_wconf 78' lang='lat'><strong>45</strong></span> 
     </span>
    </p>

    <p class='ocr_par' dir='ltr' id='par_1_8' title="bbox 88 1453 1122 1539">
     <span class='ocr_line' id='line_1_16' title="bbox 88 1453 1122 1539; baseline -0.006 -20"><span class='ocrx_word' id='word_1_113' title='bbox 88 1472 180 1518; x_wconf 83' lang='lat' dir='ltr'><strong>rsueo</strong></span> <span class='ocrx_word' id='word_1_114' title='bbox 201 1455 278 1515; x_wconf 85' lang='lat' dir='ltr'><strong>eirea</strong></span> <span class='ocrx_word' id='word_1_115' title='bbox 297 1471 502 1516; x_wconf 78' lang='lat' dir='ltr'><strong>successorem</strong></span> <span class='ocrx_word' id='word_1_116' title='bbox 518 1454 612 1539; x_wconf 83' lang='lat' dir='ltr'><strong>omnia</strong></span> <span class='ocrx_word' id='word_1_117' title='bbox 635 1453 844 1514; x_wconf 89' lang='lat' dir='ltr'><strong>ordinarentur.</strong></span> <span class='ocrx_word' id='word_1_118' title='bbox 873 1453 975 1533; x_wconf 87' lang='lat' dir='ltr'><strong>ltaque</strong></span> <span class='ocrx_word' id='word_1_119' title='bbox 995 1462 1025 1514; x_wconf 91' lang='lat' dir='ltr'><strong>et</strong></span> <span class='ocrx_word' id='word_1_120' title='bbox 1039 1454 1122 1531; x_wconf 88' lang='lat' dir='ltr'><strong>quasi</strong></span> 
     </span>
    </p>

    <p class='ocr_par' dir='ltr' id='par_1_9' title="bbox 124 1528 1133 1638">
     <span class='ocr_line' id='line_1_17' title="bbox 124 1528 1133 1638; baseline -0.002 -40"><span class='ocrx_word' id='word_1_121' title='bbox 124 1553 180 1638; x_wconf 75' lang='lat' dir='ltr'><strong>pro</strong></span> <span class='ocrx_word' id='word_1_122' title='bbox 197 1528 289 1615; x_wconf 77' lang='lat' dir='ltr'><strong>aegro</strong></span> <span class='ocrx_word' id='word_1_123' title='bbox 303 1537 398 1600; x_wconf 83' lang='lat' dir='ltr'><strong>adhue</strong></span> <span class='ocrx_word' id='word_1_124' title='bbox 412 1548 481 1599; x_wconf 84' lang='lat' dir='ltr'><strong>rota</strong></span> <span class='ocrx_word' id='word_1_125' title='bbox 496 1546 633 1616; x_wconf 86' lang='lat' dir='ltr'><strong>suseepta</strong></span> <span class='ocrx_word' id='word_1_126' title='bbox 649 1547 730 1616; x_wconf 91' lang='lat' dir='ltr'><strong>sunt,</strong></span> <span class='ocrx_word' id='word_1_127' title='bbox 753 1548 782 1598; x_wconf 88' lang='lat' dir='ltr'><strong>et</strong></span> <span class='ocrx_word' id='word_1_128' title='bbox 803 1537 931 1600; x_wconf 90' lang='lat' dir='ltr'><strong>induoti</strong></span> <span class='ocrx_word' id='word_1_129' title='bbox 928 1556 988 1618; x_wconf 91' lang='lat' dir='ltr'><strong>per</strong></span> <span class='ocrx_word' id='word_1_130' title='bbox 1003 1533 1133 1598; x_wconf 77' lang='lat' dir='ltr'><strong>sinula-</strong></span> 
     </span>
    </p>

    <p class='ocr_par' dir='ltr' id='par_1_10' title="bbox 122 1621 1125 1701">
     <span class='ocr_line' id='line_1_18' title="bbox 122 1621 1125 1701; baseline -0.003 -19"><span class='ocrx_word' id='word_1_131' title='bbox 122 1624 230 1682; x_wconf 91' lang='lat' dir='ltr'><strong>tionem</strong></span> <span class='ocrx_word' id='word_1_132' title='bbox 240 1623 383 1700; x_wconf 81' lang='lat' dir='ltr'><strong>comoedi,</strong></span> <span class='ocrx_word' id='word_1_133' title='bbox 400 1641 448 1701; x_wconf 88' lang='lat' dir='ltr'><strong>qur</strong></span> <span class='ocrx_word' id='word_1_134' title='bbox 441 1623 536 1683; x_wconf 88' lang='lat' dir='ltr'><strong>&#39;velut</strong></span> <span class='ocrx_word' id='word_1_135' title='bbox 548 1621 760 1683; x_wconf 88' lang='lat' dir='ltr'><strong>desiderantem</strong></span> <span class='ocrx_word' id='word_1_136' title='bbox 773 1622 964 1685; x_wconf 79' lang='lat' dir='ltr'><strong>oblectarent.</strong></span> <span class='ocrx_word' id='word_1_137' title='bbox 985 1621 1125 1682; x_wconf 80' lang='lat' dir='ltr'><strong>Eneessit</strong></span> 
     </span>
    </p>

    <p class='ocr_par' dir='ltr' id='par_1_11' title="bbox 122 1696 1121 1784">
     <span class='ocr_line' id='line_1_19' title="bbox 122 1696 1121 1784; baseline -0.003 -17"><span class='ocrx_word' id='word_1_138' title='bbox 122 1696 223 1767; x_wconf 81' lang='lat' dir='ltr'><strong>11&#39;1.1u</strong></span> <span class='ocrx_word' id='word_1_139' title='bbox 232 1705 336 1767; x_wconf 85' lang='lat' dir='ltr'><strong>Ootob</strong></span> <span class='ocrx_word' id='word_1_140' title='bbox 348 1705 451 1767; x_wconf 76' lang='lat' dir='ltr'><strong>Asinio</strong></span> <span class='ocrx_word' id='word_1_141' title='bbox 464 1696 923 1805; x_wconf 67' lang='lat' dir='ltr'><strong>blancello,beilioduiolaooss</strong></span> <span class='ocrx_word' id='word_1_142' title='bbox 936 1707 1121 1784; x_wconf 78' lang='lat' dir='ltr'><strong>sexagesimo</strong></span> 
     </span>
    </p>

    <p class='ocr_par' dir='ltr' id='par_1_12' title="bbox 123 1789 1124 1869">
     <span class='ocr_line' id='line_1_20' title="bbox 123 1789 1124 1869; baseline -0.003 -20"><span class='ocrx_word' id='word_1_143' title='bbox 123 1798 227 1869; x_wconf 87' lang='lat' dir='ltr'><strong>quarto</strong></span> <span class='ocrx_word' id='word_1_144' title='bbox 246 1791 494 1868; x_wconf 87' lang='lat' dir='ltr'><strong>aetatis,imperii</strong></span> <span class='ocrx_word' id='word_1_145' title='bbox 508 1789 734 1869; x_wconf 77' lang='lat' dir='ltr'><strong>quartodecimo</strong></span> <span class='ocrx_word' id='word_1_146' title='bbox 749 1808 824 1852; x_wconf 91' lang='lat' dir='ltr'><strong>armo</strong></span> <span class='ocrx_word' id='word_1_147' title='bbox 833 1791 1065 1868; x_wconf 87' lang='lat' dir='ltr'><strong>,funeratusque</strong></span> <span class='ocrx_word' id='word_1_148' title='bbox 1078 1797 1124 1848; x_wconf 87' lang='lat' dir='ltr'><strong>est</strong></span> 
     </span>
    </p>

    <p class='ocr_par' dir='ltr' id='par_1_13' title="bbox 58 1872 1122 1954">
     <span class='ocr_line' id='line_1_21' title="bbox 58 1872 1122 1954; baseline -0.006 -17"><span class='ocrx_word' id='word_1_149' title='bbox 58 1891 61 1896; x_wconf 84' lang='lat'>&#39;</span> <span class='ocrx_word' id='word_1_150' title='bbox 87 1873 258 1938; x_wconf 82' lang='lat' dir='ltr'><strong>aosollemni</strong></span> <span class='ocrx_word' id='word_1_151' title='bbox 279 1875 441 1953; x_wconf 81' lang='lat' dir='ltr'><strong>prineipum</strong></span> <span class='ocrx_word' id='word_1_152' title='bbox 454 1891 586 1954; x_wconf 88' lang='lat' dir='ltr'><strong>pompa</strong></span> <span class='ocrx_word' id='word_1_153' title='bbox 582 1875 643 1935; x_wconf 89' lang='lat' dir='ltr'><strong>et&#39;</strong></span> <span class='ocrx_word' id='word_1_154' title='bbox 634 1894 663 1933; x_wconf 88' lang='grc' dir='ltr'><strong>ιιι</strong></span> <span class='ocrx_word' id='word_1_155' title='bbox 686 1892 834 1935; x_wconf 90' lang='lat' dir='ltr'><strong>numerum</strong></span> <span class='ocrx_word' id='word_1_156' title='bbox 858 1874 977 1935; x_wconf 91' lang='lat' dir='ltr'><strong>deorum</strong></span> <span class='ocrx_word' id='word_1_157' title='bbox 999 1872 1122 1939; x_wconf 65' lang='lat' dir='ltr'><strong>relatum</strong></span> 
     </span>
    </p>

    <p class='ocr_par' dir='ltr' id='par_1_14' title="bbox 123 1957 1167 2125">
     <span class='ocr_line' id='line_1_22' title="bbox 123 1957 1124 2058; baseline -0.004 -40"><span class='ocrx_word' id='word_1_158' title='bbox 123 1976 209 2038; x_wconf 91' lang='lat' dir='ltr'><strong>quem</strong></span> <span class='ocrx_word' id='word_1_159' title='bbox 224 1957 367 2018; x_wconf 88' lang='lat' dir='ltr'><strong>bonorem</strong></span> <span class='ocrx_word' id='word_1_160' title='bbox 379 1976 396 2018; x_wconf 86' lang='lat' dir='ltr'><strong>a</strong></span> <span class='ocrx_word' id='word_1_161' title='bbox 409 1958 529 2020; x_wconf 86' lang='lat' dir='ltr'><strong>Nerone</strong></span> <span class='ocrx_word' id='word_1_162' title='bbox 544 1958 709 2023; x_wconf 85' lang='lat' dir='ltr'><strong>destitutum</strong></span> <span class='ocrx_word' id='word_1_163' title='bbox 721 1958 919 2058; x_wconf 80' lang='lat' dir='ltr'><strong>abolitumque</strong></span> <span class='ocrx_word' id='word_1_164' title='bbox 931 1959 1044 2037; x_wconf 86' lang='lat' dir='ltr'><strong>recepit</strong></span> <span class='ocrx_word' id='word_1_165' title='bbox 1055 1973 1124 2019; x_wconf 87' lang='lat' dir='ltr'><strong>mox</strong></span> 
     </span>
     <span class='ocr_line' id='line_1_23' title="bbox 123 2030 1167 2125; baseline 0.002 -22"><span class='ocrx_word' id='word_1_166' title='bbox 123 2060 178 2123; x_wconf 91' lang='lat' dir='ltr'><strong>per</strong></span> <span class='ocrx_word' id='word_1_167' title='bbox 193 2030 427 2121; x_wconf 88' lang='lat' dir='ltr'><strong>Vespasianum.</strong></span> <span class='ocrx_word' id='word_1_168' title='bbox 446 2043 603 2121; x_wconf 82' lang='lat' dir='ltr'><strong>Praesagia</strong></span> <span class='ocrx_word' id='word_1_169' title='bbox 619 2044 721 2105; x_wconf 83' lang='lat' dir='ltr'><strong>mortis</strong></span> <span class='ocrx_word' id='word_1_170' title='bbox 736 2044 799 2105; x_wconf 85' lang='lat' dir='ltr'><strong>eius</strong></span> <span class='ocrx_word' id='word_1_171' title='bbox 819 2043 978 2125; x_wconf 88' lang='lat' dir='ltr'><strong>praecipua</strong></span> <span class='ocrx_word' id='word_1_172' title='bbox 992 2042 1122 2103; x_wconf 84' lang='lat' dir='ltr'><strong>luerunt:</strong></span> <span class='ocrx_word' id='word_1_173' title='bbox 1130 2048 1167 2105; x_wconf 83' lang='grc'><strong>46</strong></span> 
     </span>
    </p>

    <p class='ocr_par' dir='ltr' id='par_1_15' title="bbox 123 2126 1123 2205">
     <span class='ocr_line' id='line_1_24' title="bbox 123 2126 1123 2205; baseline -0.004 -18"><span class='ocrx_word' id='word_1_174' title='bbox 123 2134 244 2187; x_wconf 81' lang='lat' dir='ltr'><strong>exortus</strong></span> <span class='ocrx_word' id='word_1_175' title='bbox 264 2126 384 2188; x_wconf 88' lang='lat' dir='ltr'><strong>oriuitae</strong></span> <span class='ocrx_word' id='word_1_176' title='bbox 404 2126 525 2202; x_wconf 91' lang='lat' dir='ltr'><strong>stellae,</strong></span> <span class='ocrx_word' id='word_1_177' title='bbox 553 2144 637 2205; x_wconf 85' lang='lat' dir='ltr'><strong>quam</strong></span> <span class='ocrx_word' id='word_1_178' title='bbox 654 2137 787 2197; x_wconf 77' lang='lat' dir='ltr'><strong>cometen</strong></span> <span class='ocrx_word' id='word_1_179' title='bbox 807 2136 930 2204; x_wconf 78' lang='lat' dir='ltr'><strong>vorant,</strong></span> <span class='ocrx_word' id='word_1_180' title='bbox 958 2133 1123 2203; x_wconf 78' lang='lat' dir='ltr'><strong>tantumque</strong></span> 
     </span>
    </p>

    <p class='ocr_par' dir='ltr' id='par_1_16' title="bbox 122 2173 1124 2291">
     <span class='ocr_line' id='line_1_25' title="bbox 122 2173 1124 2291; baseline -0.002 -22"><span class='ocrx_word' id='word_1_181' title='bbox 122 2209 160 2270; x_wconf 91' lang='lat' dir='ltr'><strong>de</strong></span> <span class='ocrx_word' id='word_1_182' title='bbox 178 2210 261 2269; x_wconf 87' lang='lat' dir='ltr'><strong>eaelo</strong></span> <span class='ocrx_word' id='word_1_183' title='bbox 276 2221 487 2276; x_wconf 88' lang='lat' dir='ltr'><strong>mouumentum</strong></span> <span class='ocrx_word' id='word_1_184' title='bbox 502 2210 589 2272; x_wconf 86' lang='lat' dir='ltr'><strong>Drusi</strong></span> <span class='ocrx_word' id='word_1_185' title='bbox 607 2214 714 2291; x_wconf 86' lang='lat' dir='ltr'><strong>patris,</strong></span> <span class='ocrx_word' id='word_1_186' title='bbox 737 2220 767 2273; x_wconf 88' lang='lat' dir='ltr'><strong>et</strong></span> <span class='ocrx_word' id='word_1_187' title='bbox 782 2212 858 2291; x_wconf 92' lang='lat' dir='ltr'><strong>quod</strong></span> <span class='ocrx_word' id='word_1_188' title='bbox 874 2173 979 2273; x_wconf 89' lang='lat' dir='ltr'><strong>eodem</strong></span> <span class='ocrx_word' id='word_1_189' title='bbox 993 2227 1068 2272; x_wconf 90' lang='lat' dir='ltr'><strong>auno</strong></span> <span class='ocrx_word' id='word_1_190' title='bbox 1085 2226 1124 2267; x_wconf 83' lang='lat' dir='ltr'><strong>ex</strong></span> 
     </span>
    </p>

    <p class='ocr_par' dir='ltr' id='par_1_17' title="bbox 87 2291 1123 2375">
     <span class='ocr_line' id='line_1_26' title="bbox 87 2291 1123 2375; baseline -0.002 -22"><span class='ocrx_word' id='word_1_191' title='bbox 87 2312 114 2353; x_wconf 81' lang='lat' dir='ltr'><strong>rs</strong></span> <span class='ocrx_word' id='word_1_192' title='bbox 124 2295 249 2354; x_wconf 90' lang='lat' dir='ltr'><strong>omnium</strong></span> <span class='ocrx_word' id='word_1_193' title='bbox 263 2296 477 2371; x_wconf 84' lang='lat' dir='ltr'><strong>magistratuum</strong></span> <span class='ocrx_word' id='word_1_194' title='bbox 491 2312 602 2371; x_wconf 84' lang='lat' dir='ltr'><strong>genere</strong></span> <span class='ocrx_word' id='word_1_195' title='bbox 618 2295 754 2375; x_wconf 85' lang='lat' dir='ltr'><strong>plerique</strong></span> <span class='ocrx_word' id='word_1_196' title='bbox 767 2306 890 2360; x_wconf 86' lang='lat' dir='ltr'><strong>mortem</strong></span> <span class='ocrx_word' id='word_1_197' title='bbox 906 2296 1046 2357; x_wconf 87' lang='lat' dir='ltr'><strong>obierant.</strong></span> <span class='ocrx_word' id='word_1_198' title='bbox 1064 2291 1123 2353; x_wconf 88' lang='lat' dir='ltr'><strong>Sed</strong></span> 
     </span>
    </p>

    <p class='ocr_par' dir='ltr' id='par_1_18' title="bbox 121 2379 1123 2457">
     <span class='ocr_line' id='line_1_27' title="bbox 121 2379 1123 2457; baseline -0.002 -20"><span class='ocrx_word' id='word_1_199' title='bbox 121 2394 180 2437; x_wconf 86' lang='lat' dir='ltr'><strong>nee</strong></span> <span class='ocrx_word' id='word_1_200' title='bbox 193 2379 257 2457; x_wconf 90' lang='lat' dir='ltr'><strong>ipse</strong></span> <span class='ocrx_word' id='word_1_201' title='bbox 268 2379 423 2457; x_wconf 82' lang='lat' dir='ltr'><strong>ignorasse</strong></span> <span class='ocrx_word' id='word_1_202' title='bbox 438 2388 486 2439; x_wconf 91' lang='lat' dir='ltr'><strong>aut</strong></span> <span class='ocrx_word' id='word_1_203' title='bbox 496 2379 693 2454; x_wconf 85' lang='lat' dir='ltr'><strong>dissimulasse</strong></span> <span class='ocrx_word' id='word_1_204' title='bbox 707 2380 804 2441; x_wconf 90' lang='lat' dir='ltr'><strong>ultima</strong></span> <span class='ocrx_word' id='word_1_205' title='bbox 816 2381 892 2443; x_wconf 87' lang='lat' dir='ltr'><strong>vitae</strong></span> <span class='ocrx_word' id='word_1_206' title='bbox 906 2398 976 2441; x_wconf 89' lang='lat' dir='ltr'><strong>suae</strong></span> <span class='ocrx_word' id='word_1_207' title='bbox 990 2388 1123 2456; x_wconf 88' lang='lat' dir='ltr'><strong>tempora</strong></span> 
     </span>
    </p>

    <p class='ocr_par' dir='ltr' id='par_1_19' title="bbox 121 2459 1125 2543">
     <span class='ocr_line' id='line_1_28' title="bbox 121 2459 1125 2543; baseline -0.002 -24"><span class='ocrx_word' id='word_1_208' title='bbox 121 2460 251 2538; x_wconf 83' lang='lat' dir='ltr'><strong>videtur,</strong></span> <span class='ocrx_word' id='word_1_209' title='bbox 275 2461 387 2541; x_wconf 91' lang='lat' dir='ltr'><strong>aliquot</strong></span> <span class='ocrx_word' id='word_1_210' title='bbox 405 2462 519 2543; x_wconf 89' lang='lat' dir='ltr'><strong>quidem</strong></span> <span class='ocrx_word' id='word_1_211' title='bbox 541 2466 727 2540; x_wconf 81' lang='lat' dir='ltr'><strong>argumentis</strong></span> <span class='ocrx_word' id='word_1_212' title='bbox 760 2464 832 2526; x_wconf 88' lang='lat' dir='ltr'><strong>Nam</strong></span> <span class='ocrx_word' id='word_1_213' title='bbox 850 2474 881 2525; x_wconf 87' lang='lat' dir='ltr'><strong>et</strong></span> <span class='ocrx_word' id='word_1_214' title='bbox 903 2482 966 2524; x_wconf 88' lang='lat' dir='ltr'><strong>eum</strong></span> <span class='ocrx_word' id='word_1_215' title='bbox 988 2459 1125 2521; x_wconf 90' lang='lat' dir='ltr'><strong>eonsules</strong></span> 
     </span>
    </p>

    <p class='ocr_par' dir='ltr' id='par_1_20' title="bbox 6 2544 1125 2705">
     <span class='ocr_line' id='line_1_29' title="bbox 6 2544 1125 2643; baseline -0.004 -40"><span class='ocrx_word' id='word_1_216' title='bbox 6 2553 10 2611; x_wconf 74' lang='grc' dir='ltr'><em>ζ</em></span> <span class='ocrx_word' id='word_1_217' title='bbox 122 2544 308 2643; x_wconf 81' lang='lat' dir='ltr'><strong>designaret,</strong></span> <span class='ocrx_word' id='word_1_218' title='bbox 326 2548 469 2608; x_wconf 88' lang='lat' dir='ltr'><strong>neminem</strong></span> <span class='ocrx_word' id='word_1_219' title='bbox 486 2546 560 2606; x_wconf 90' lang='lat' dir='ltr'><strong>ultra</strong></span> <span class='ocrx_word' id='word_1_220' title='bbox 579 2565 708 2607; x_wconf 92' lang='lat' dir='ltr'><strong>mensem</strong></span> <span class='ocrx_word' id='word_1_221' title='bbox 726 2566 783 2627; x_wconf 92' lang='lat' dir='ltr'><strong>quo</strong></span> <span class='ocrx_word' id='word_1_222' title='bbox 806 2548 878 2608; x_wconf 89' lang='lat' dir='ltr'><strong>obiit</strong></span> <span class='ocrx_word' id='word_1_223' title='bbox 896 2544 1078 2621; x_wconf 77' lang='lat' dir='ltr'><strong>designavit,</strong></span> <span class='ocrx_word' id='word_1_224' title='bbox 1095 2550 1125 2601; x_wconf 91' lang='lat' dir='ltr'><strong>et</strong></span> 
     </span>
     <span class='ocr_line' id='line_1_30' title="bbox 122 2625 1124 2708; baseline 0.002 -22"><span class='ocrx_word' id='word_1_225' title='bbox 122 2629 153 2687; x_wconf 91' lang='lat' dir='ltr'><strong>in</strong></span> <span class='ocrx_word' id='word_1_226' title='bbox 175 2639 291 2705; x_wconf 90' lang='lat' dir='ltr'><strong>senatu,</strong></span> <span class='ocrx_word' id='word_1_227' title='bbox 318 2631 380 2702; x_wconf 85' lang='lat' dir='ltr'><strong>eui</strong></span> <span class='ocrx_word' id='word_1_228' title='bbox 391 2630 549 2690; x_wconf 88' lang='lat' dir='ltr'><strong>novissime</strong></span> <span class='ocrx_word' id='word_1_229' title='bbox 570 2630 718 2708; x_wconf 74' lang='lat' dir='ltr'><strong>interfuit,</strong></span> <span class='ocrx_word' id='word_1_230' title='bbox 739 2631 857 2693; x_wconf 89' lang='lat' dir='ltr'><strong>multum</strong></span> <span class='ocrx_word' id='word_1_231' title='bbox 876 2629 912 2691; x_wconf 88' lang='lat' dir='ltr'><strong>ad</strong></span> <span class='ocrx_word' id='word_1_232' title='bbox 937 2625 1124 2697; x_wconf 77' lang='lat' dir='ltr'><strong>concordiam</strong></span> 
     </span>
    </p>

    <p class='ocr_par' dir='ltr' id='par_1_21' title="bbox 88 2708 1127 2875">
     <span class='ocr_line' id='line_1_31' title="bbox 88 2708 1125 2809; baseline -0.004 -36"><span class='ocrx_word' id='word_1_233' title='bbox 88 2731 115 2773; x_wconf 83' lang='lat' dir='ltr'><strong>ao</strong></span> <span class='ocrx_word' id='word_1_234' title='bbox 125 2711 236 2773; x_wconf 89' lang='lat' dir='ltr'><strong>liberos</strong></span> <span class='ocrx_word' id='word_1_235' title='bbox 250 2729 321 2772; x_wconf 88' lang='lat' dir='ltr'><strong>suos</strong></span> <span class='ocrx_word' id='word_1_236' title='bbox 332 2711 512 2786; x_wconf 80' lang='lat' dir='ltr'><strong>cohortatus,</strong></span> <span class='ocrx_word' id='word_1_237' title='bbox 525 2713 674 2809; x_wconf 85' lang='lat' dir='ltr'><strong>utriusqqe</strong></span> <span class='ocrx_word' id='word_1_238' title='bbox 686 2722 808 2775; x_wconf 86' lang='lat' dir='ltr'><strong>aetutem</strong></span> <span class='ocrx_word' id='word_1_239' title='bbox 816 2714 987 2792; x_wconf 83' lang='lat' dir='ltr'><strong>supplrerteu</strong></span> <span class='ocrx_word' id='word_1_240' title='bbox 995 2708 1125 2790; x_wconf 81' lang='lat' dir='ltr'><strong>patribus</strong></span> 
     </span>
     <span class='ocr_line' id='line_1_32' title="bbox 125 2795 1127 2875; baseline -0.004 -18"><span class='ocrx_word' id='word_1_241' title='bbox 125 2795 352 2873; x_wconf 79' lang='lat' dir='ltr'><strong>commendarit,</strong></span> <span class='ocrx_word' id='word_1_242' title='bbox 365 2804 398 2855; x_wconf 92' lang='lat' dir='ltr'><strong>et</strong></span> <span class='ocrx_word' id='word_1_243' title='bbox 413 2796 441 2855; x_wconf 88' lang='lat' dir='ltr'><strong>in</strong></span> <span class='ocrx_word' id='word_1_244' title='bbox 453 2795 549 2858; x_wconf 87' lang='lat' dir='ltr'><strong>ultima</strong></span> <span class='ocrx_word' id='word_1_245' title='bbox 564 2796 731 2871; x_wconf 80' lang='lat' dir='ltr'><strong>cognitione</strong></span> <span class='ocrx_word' id='word_1_246' title='bbox 743 2814 797 2875; x_wconf 90' lang='lat' dir='ltr'><strong>pro</strong></span> <span class='ocrx_word' id='word_1_247' title='bbox 812 2795 946 2857; x_wconf 83' lang='lat' dir='ltr'><strong>tribunali</strong></span> <span class='ocrx_word' id='word_1_248' title='bbox 954 2811 1127 2857; x_wconf 71' lang='lat' dir='ltr'><strong>oocmsrssa</strong></span> 
     </span>
    </p>
   </div>
   <div class='ocr_carea' id='block_1_3' title="bbox 7 2841 1125 3042">
    <p class='ocr_par' dir='ltr' id='par_1_22' title="bbox 7 2841 1125 3037">
     <span class='ocr_line' id='line_1_33' title="bbox 124 2841 1125 2971; baseline 0 -33"><span class='ocrx_word' id='word_1_249' title='bbox 124 2878 169 2938; x_wconf 83' lang='lat' dir='ltr'><strong>od</strong></span> <span class='ocrx_word' id='word_1_250' title='bbox 184 2880 277 2955; x_wconf 67' lang='lat' dir='ltr'><strong>finem</strong></span> <span class='ocrx_word' id='word_1_251' title='bbox 294 2841 510 2953; x_wconf 74' lang='lat' dir='ltr'><strong>moltolitotr&#39;s,</strong></span> <span class='ocrx_word' id='word_1_252' title='bbox 538 2895 708 2971; x_wconf 88' lang='lat' dir='ltr'><strong>quamquam</strong></span> <span class='ocrx_word' id='word_1_253' title='bbox 726 2880 953 2941; x_wconf 87' lang='lat' dir='ltr'><strong>abominantibus</strong></span> <span class='ocrx_word' id='word_1_254' title='bbox 966 2898 1014 2958; x_wconf 88' lang='lat' dir='ltr'><strong>qur</strong></span> <span class='ocrx_word' id='word_1_255' title='bbox 1008 2878 1125 2941; x_wconf 85' lang='lat' dir='ltr'><strong>&#39;aurdie-</strong></span> 
     </span>
     <span class='ocr_line' id='line_1_34' title="bbox 7 2957 755 3042; baseline 0.003 -23"><span class='ocrx_word' id='word_1_256' title='bbox 7 2961 10 3034; x_wconf 75' lang='grc' dir='ltr'><strong>ι</strong></span> <span class='ocrx_word' id='word_1_257' title='bbox 123 2959 210 3034; x_wconf 88' lang='lat' dir='ltr'><strong>bant,</strong></span> <span class='ocrx_word' id='word_1_258' title='bbox 226 2957 318 3042; x_wconf 89' lang='lat' dir='ltr'><strong>semel</strong></span> <span class='ocrx_word' id='word_1_259' title='bbox 332 2967 419 3037; x_wconf 92' lang='lat' dir='ltr'><strong>atque</strong></span> <span class='ocrx_word' id='word_1_260' title='bbox 434 2958 537 3019; x_wconf 89' lang='lat' dir='ltr'><strong>iterum</strong></span> <span class='ocrx_word' id='word_1_261' title='bbox 551 2958 755 3035; x_wconf 84' lang='lat' dir='ltr'><strong>pronuntiauit.</strong></span> 
     </span>
    </p>
   </div>
   <div class='ocr_carea' id='block_1_4' title="bbox 519 3220 746 3230">
    <p class='ocr_par' dir='ltr' id='par_1_23' title="bbox 519 3220 746 3230">
     <span class='ocr_line' id='line_1_35' title="bbox 519 3220 746 3230; baseline 0 -1"><span class='ocrx_word' id='word_1_262' title='bbox 519 3220 746 3230; x_wconf 55' lang='lat' dir='ltr'>..m—...-</span> 
     </span>
    </p>
   </div>
   <div class='ocr_carea' id='block_1_5' title="bbox 0 0 1246 3775">
    <p class='ocr_par' dir='ltr' id='par_1_24' title="bbox 0 0 1246 3775">
     <span class='ocr_line' id='line_1_36' title="bbox 0 0 1246 3775; baseline 0 0"><span class='ocrx_word' id='word_1_263' title='bbox 0 0 1246 3775; x_wconf 95' lang='lat' dir='ltr'><strong> </strong></span> 
     </span>
    </p>
   </div>
  </div>
 </body>
</html>
