<?xml version="1.0" encoding="UTF-8"?>
<!DOCTYPE html PUBLIC "-//W3C//DTD XHTML 1.0 Transitional//EN"
    "http://www.w3.org/TR/xhtml1/DTD/xhtml1-transitional.dtd">
<html xmlns="http://www.w3.org/1999/xhtml" xml:lang="en" lang="en">
 <head>
  <title>
</title>
<meta http-equiv="Content-Type" content="text/html;charset=utf-8" />
  <meta name='ocr-system' content='tesseract 3.04.00' />
  <meta name='ocr-capabilities' content='ocr_page ocr_carea ocr_par ocr_line ocrx_word'/>
</head>
<body>
  <div class='ocr_page' id='page_1' title='image "./csuetonitranqui03rothgoog_0339.png"; bbox 0 0 2475 3775; ppageno 0'>
   <div class='ocr_carea' id='block_1_1' title="bbox 420 149 1172 224">
    <p class='ocr_par' dir='ltr' id='par_1_1' title="bbox 420 149 1172 224">
     <span class='ocr_line' id='line_1_1' title="bbox 420 149 1172 224; baseline 0.008 -16"><span class='ocrx_word' id='word_1_1' title='bbox 420 159 786 208; x_wconf 74' lang='lat' dir='ltr'><strong>nauusvnsrusruuus.</strong></span> <span class='ocrx_word' id='word_1_2' title='bbox 882 215 884 224; x_wconf 61' lang='grc'>,</span> <span class='ocrx_word' id='word_1_3' title='bbox 1045 151 1106 214; x_wconf 82' lang='lat'><strong>229</strong></span> <span class='ocrx_word' id='word_1_4' title='bbox 1169 149 1172 154; x_wconf 85' lang='lat'>&#39;</span> 
     </span>
    </p>
   </div>
   <div class='ocr_carea' id='block_1_2' title="bbox 4 314 1209 3512">
    <p class='ocr_par' dir='ltr' id='par_1_2' title="bbox 4 314 1235 530">
     <span class='ocr_line' id='line_1_2' title="bbox 110 314 1107 394; baseline 0.002 -16"><span class='ocrx_word' id='word_1_5' title='bbox 110 327 201 378; x_wconf 77' lang='lat' dir='ltr'><strong>uerna</strong></span> <span class='ocrx_word' id='word_1_6' title='bbox 214 314 407 376; x_wconf 86' lang='lat' dir='ltr'><strong>obtestatione</strong></span> <span class='ocrx_word' id='word_1_7' title='bbox 422 314 563 389; x_wconf 80' lang='lat' dir='ltr'><strong>ultionem</strong></span> <span class='ocrx_word' id='word_1_8' title='bbox 576 314 736 377; x_wconf 84' lang='lat' dir='ltr'><strong>mandantis</strong></span> <span class='ocrx_word' id='word_1_9' title='bbox 751 323 783 374; x_wconf 90' lang='lat' dir='ltr'><strong>et</strong></span> <span class='ocrx_word' id='word_1_10' title='bbox 796 323 827 374; x_wconf 94' lang='lat' dir='ltr'><strong>ut</strong></span> <span class='ocrx_word' id='word_1_11' title='bbox 840 315 884 375; x_wconf 93' lang='lat' dir='ltr'><strong>rei</strong></span> <span class='ocrx_word' id='word_1_12' title='bbox 896 335 924 394; x_wconf 93' lang='lat' dir='ltr'><strong>p</strong></span> <span class='ocrx_word' id='word_1_13' title='bbox 938 315 1107 380; x_wconf 85' lang='lat' dir='ltr'><strong>subveniret</strong></span> 
     </span>
     <span class='ocr_line' id='line_1_3' title="bbox 4 397 1184 483; baseline 0.002 -21"><span class='ocrx_word' id='word_1_14' title='bbox 4 460 6 483; x_wconf 27' lang='grc' dir='ltr'>Ξ</span> <span class='ocrx_word' id='word_1_15' title='bbox 110 402 254 480; x_wconf 77' lang='lat' dir='ltr'><strong>aptantis3</strong></span> <span class='ocrx_word' id='word_1_16' title='bbox 275 399 359 459; x_wconf 89' lang='lat' dir='ltr'><strong>simul</strong></span> <span class='ocrx_word' id='word_1_17' title='bbox 373 415 472 459; x_wconf 91' lang='lat' dir='ltr'><strong>rumor</strong></span> <span class='ocrx_word' id='word_1_18' title='bbox 486 397 658 479; x_wconf 89' lang='lat' dir='ltr'><strong>dissipatus,</strong></span> <span class='ocrx_word' id='word_1_19' title='bbox 677 398 841 460; x_wconf 78' lang='lat' dir='ltr'>destinasse</span> <span class='ocrx_word' id='word_1_20' title='bbox 856 401 998 462; x_wconf 87' lang='lat' dir='ltr'><strong>victorem</strong></span> <span class='ocrx_word' id='word_1_21' title='bbox 1014 404 1105 467; x_wconf 86' lang='lat' dir='ltr'><strong>Vitel·</strong></span> <span class='ocrx_word' id='word_1_22' title='bbox 1182 457 1184 464; x_wconf 89' lang='grc'>.</span> 
     </span>
    </p>

    <p class='ocr_par' dir='ltr' id='par_1_3' title="bbox 84 482 1106 816">
     <span class='ocr_line' id='line_1_4' title="bbox 97 482 1105 564; baseline 0.001 -18"><span class='ocrx_word' id='word_1_23' title='bbox 97 486 176 546; x_wconf 86' lang='lat' dir='ltr'><strong>&#39;lium</strong></span> <span class='ocrx_word' id='word_1_24' title='bbox 190 493 354 564; x_wconf 78' lang='lat' dir='ltr'>permutare</span> <span class='ocrx_word' id='word_1_25' title='bbox 374 482 495 544; x_wconf 86' lang='lat' dir='ltr'><strong>hiberna</strong></span> <span class='ocrx_word' id='word_1_26' title='bbox 515 482 665 561; x_wconf 84' lang='lat' dir='ltr'><strong>legionum</strong></span> <span class='ocrx_word' id='word_1_27' title='bbox 687 493 717 544; x_wconf 92' lang='lat' dir='ltr'><strong>et</strong></span> <span class='ocrx_word' id='word_1_28' title='bbox 737 483 924 545; x_wconf 84' lang='lat' dir='ltr'><strong>Germanicas</strong></span> <span class='ocrx_word' id='word_1_29' title='bbox 947 487 1105 548; x_wconf 79' lang='lat' dir='ltr'><strong>transferre</strong></span> 
     </span>
     <span class='ocr_line' id='line_1_5' title="bbox 108 560 1106 648; baseline 0.003 -19"><span class='ocrx_word' id='word_1_30' title='bbox 108 569 296 631; x_wconf 78' lang='lat' dir='ltr'><strong>morientem</strong></span> <span class='ocrx_word' id='word_1_31' title='bbox 307 567 345 629; x_wconf 95' lang='lat' dir='ltr'><strong>ad</strong></span> <span class='ocrx_word' id='word_1_32' title='bbox 355 585 536 628; x_wconf 77' lang='lat' dir='ltr'><strong>securiorem</strong></span> <span class='ocrx_word' id='word_1_33' title='bbox 549 560 772 648; x_wconf 79' lang='lat' dir='ltr'><strong>mollioremque</strong></span> <span class='ocrx_word' id='word_1_34' title='bbox 783 567 925 632; x_wconf 84' lang='lat' dir='ltr'><strong>mrlttram</strong></span> <span class='ocrx_word' id='word_1_35' title='bbox 950 569 1106 634; x_wconf 88' lang='lat' dir='ltr'><strong>Praeterea</strong></span> 
     </span>
     <span class='ocr_line' id='line_1_6' title="bbox 84 649 1106 736; baseline 0.007 -28"><span class='ocrx_word' id='word_1_36' title='bbox 84 668 147 714; x_wconf 81' lang='lat' dir='ltr'><strong>seu</strong></span> <span class='ocrx_word' id='word_1_37' title='bbox 161 651 345 736; x_wconf 73' lang='lat' dir='ltr'><strong>praesidibus</strong></span> <span class='ocrx_word' id='word_1_38' title='bbox 358 650 576 732; x_wconf 83' lang='lat' dir='ltr'><strong>provinciarum</strong></span> <span class='ocrx_word' id='word_1_39' title='bbox 591 651 717 713; x_wconf 81' lang='lat' dir='ltr'><strong>Licinius</strong></span> <span class='ocrx_word' id='word_1_40' title='bbox 730 651 879 716; x_wconf 74' lang='lat' dir='ltr'><strong>Mucianus</strong></span> <span class='ocrx_word' id='word_1_41' title='bbox 903 661 945 714; x_wconf 88' lang='lat' dir='ltr'><strong>ct</strong></span> <span class='ocrx_word' id='word_1_42' title='bbox 954 671 970 712; x_wconf 90' lang='lat' dir='ltr'><strong>e</strong></span> <span class='ocrx_word' id='word_1_43' title='bbox 984 649 1106 733; x_wconf 87' lang='lat' dir='ltr'><strong>regibus</strong></span> 
     </span>
     <span class='ocr_line' id='line_1_7' title="bbox 108 734 1104 816; baseline 0 -17"><span class='ocrx_word' id='word_1_44' title='bbox 108 738 297 815; x_wconf 76' lang='lat' dir='ltr'><strong>Vologaesus</strong></span> <span class='ocrx_word' id='word_1_45' title='bbox 311 736 443 813; x_wconf 89' lang='lat' dir='ltr'><strong>Parthus,</strong></span> <span class='ocrx_word' id='word_1_46' title='bbox 459 734 510 797; x_wconf 90' lang='lat' dir='ltr'><strong>ille</strong></span> <span class='ocrx_word' id='word_1_47' title='bbox 527 736 661 816; x_wconf 88' lang='lat' dir='ltr'><strong>deposita</strong></span> <span class='ocrx_word' id='word_1_48' title='bbox 680 737 835 812; x_wconf 87' lang='lat' dir='ltr'><strong>simultate,</strong></span> <span class='ocrx_word' id='word_1_49' title='bbox 853 755 938 815; x_wconf 88' lang='lat' dir='ltr'><strong>quam</strong></span> <span class='ocrx_word' id='word_1_50' title='bbox 949 739 978 797; x_wconf 87' lang='lat' dir='ltr'><strong>iu</strong></span> <span class='ocrx_word' id='word_1_51' title='bbox 993 739 1022 798; x_wconf 93' lang='lat' dir='ltr'><strong>id</strong></span> <span class='ocrx_word' id='word_1_52' title='bbox 1034 749 1104 800; x_wconf 87' lang='lat' dir='ltr'><strong>tem·</strong></span> 
     </span>
    </p>

    <p class='ocr_par' dir='ltr' id='par_1_4' title="bbox 108 820 1166 904">
     <span class='ocr_line' id='line_1_8' title="bbox 108 820 1166 904; baseline 0 -22"><span class='ocrx_word' id='word_1_53' title='bbox 108 840 165 904; x_wconf 90' lang='lat' dir='ltr'><strong>pus</strong></span> <span class='ocrx_word' id='word_1_54' title='bbox 174 840 217 883; x_wconf 85' lang='lat' dir='ltr'><strong>ex</strong></span> <span class='ocrx_word' id='word_1_55' title='bbox 229 820 421 882; x_wconf 80' lang='lat' dir='ltr'><strong>aemulatione</strong></span> <span class='ocrx_word' id='word_1_56' title='bbox 435 832 495 880; x_wconf 89' lang='lat' dir='ltr'><strong>non</strong></span> <span class='ocrx_word' id='word_1_57' title='bbox 507 820 637 887; x_wconf 82' lang='lat' dir='ltr'><strong>obscure</strong></span> <span class='ocrx_word' id='word_1_58' title='bbox 654 821 790 900; x_wconf 76' lang='lat' dir='ltr'><strong>gerebat,</strong></span> <span class='ocrx_word' id='word_1_59' title='bbox 805 821 955 896; x_wconf 76' lang='lat' dir='ltr'><strong>Syriacum</strong></span> <span class='ocrx_word' id='word_1_60' title='bbox 974 824 1106 901; x_wconf 79' lang='lat' dir='ltr'><strong>promisit</strong></span> <span class='ocrx_word' id='word_1_61' title='bbox 1165 849 1166 854; x_wconf 42' lang='lat'>¹</span> 
     </span>
    </p>

    <p class='ocr_par' dir='ltr' id='par_1_5' title="bbox 71 904 1177 1237">
     <span class='ocr_line' id='line_1_9' title="bbox 108 904 1177 988; baseline 0.002 -20"><span class='ocrx_word' id='word_1_62' title='bbox 108 906 284 987; x_wconf 70' lang='lat' dir='ltr'><strong>exercim,</strong></span> <span class='ocrx_word' id='word_1_63' title='bbox 306 905 355 966; x_wconf 89' lang='lat' dir='ltr'><strong>bic</strong></span> <span class='ocrx_word' id='word_1_64' title='bbox 379 904 569 984; x_wconf 87' lang='lat' dir='ltr'><strong>quadraginta</strong></span> <span class='ocrx_word' id='word_1_65' title='bbox 590 906 670 967; x_wconf 86' lang='lat' dir='ltr'><strong>milia</strong></span> <span class='ocrx_word' id='word_1_66' title='bbox 691 905 919 983; x_wconf 73' lang='lat' dir='ltr'><strong>sagittariorum</strong></span> <span class='ocrx_word' id='word_1_67' title='bbox 961 907 1134 988; x_wconf 73' lang='lat' dir='ltr'><strong>Suscepto?</strong></span> <span class='ocrx_word' id='word_1_68' title='bbox 1174 922 1177 928; x_wconf 88' lang='grc'><strong>’</strong></span> 
     </span>
     <span class='ocr_line' id='line_1_10' title="bbox 106 950 1104 1072; baseline 0.001 -21"><span class='ocrx_word' id='word_1_69' title='bbox 106 982 195 1069; x_wconf 86' lang='lat' dir='ltr'><strong>igitur</strong></span> <span class='ocrx_word' id='word_1_70' title='bbox 207 950 288 1050; x_wconf 65' lang='lat' dir='ltr'><strong>civili</strong></span> <span class='ocrx_word' id='word_1_71' title='bbox 296 988 392 1050; x_wconf 89' lang='lat' dir='ltr'><strong>bello</strong></span> <span class='ocrx_word' id='word_1_72' title='bbox 390 1008 444 1050; x_wconf 91' lang='lat' dir='ltr'><strong>ac</strong></span> <span class='ocrx_word' id='word_1_73' title='bbox 451 988 572 1049; x_wconf 89' lang='lat' dir='ltr'><strong>ducibus</strong></span> <span class='ocrx_word' id='word_1_74' title='bbox 590 991 743 1070; x_wconf 89' lang='lat' dir='ltr'><strong>copiisque</strong></span> <span class='ocrx_word' id='word_1_75' title='bbox 757 991 786 1050; x_wconf 87' lang='lat' dir='ltr'><strong>in</strong></span> <span class='ocrx_word' id='word_1_76' title='bbox 801 989 914 1060; x_wconf 79' lang='lat' dir='ltr'><strong>ltaliam</strong></span> <span class='ocrx_word' id='word_1_77' title='bbox 926 993 1104 1072; x_wconf 80' lang='lat' dir='ltr'><strong>praemissis,</strong></span> 
     </span>
     <span class='ocr_line' id='line_1_11' title="bbox 71 1062 1104 1175; baseline 0.007 -46"><span class='ocrx_word' id='word_1_78' title='bbox 71 1077 220 1136; x_wconf 81' lang='lat' dir='ltr'><strong>scinterrm</strong></span> <span class='ocrx_word' id='word_1_79' title='bbox 236 1062 443 1148; x_wconf 79' lang='lat' dir='ltr'><strong>Alexandriam</strong></span> <span class='ocrx_word' id='word_1_80' title='bbox 456 1075 587 1152; x_wconf 88' lang='lat' dir='ltr'><strong>transiit,</strong></span> <span class='ocrx_word' id='word_1_81' title='bbox 602 1083 633 1134; x_wconf 92' lang='lat' dir='ltr'><strong>ut</strong></span> <span class='ocrx_word' id='word_1_82' title='bbox 645 1073 772 1136; x_wconf 83' lang='lat' dir='ltr'><strong>claustra</strong></span> <span class='ocrx_word' id='word_1_83' title='bbox 791 1075 922 1175; x_wconf 75' lang='lat' dir='ltr'><strong>Aegypti</strong></span> <span class='ocrx_word' id='word_1_84' title='bbox 948 1077 1104 1155; x_wconf 82' lang='lat' dir='ltr'><strong>optineret.</strong></span> 
     </span>
     <span class='ocr_line' id='line_1_12' title="bbox 106 1144 1104 1237; baseline 0.001 -18"><span class='ocrx_word' id='word_1_85' title='bbox 106 1158 162 1220; x_wconf 80' lang='lat' dir='ltr'><strong>liic</strong></span> <span class='ocrx_word' id='word_1_86' title='bbox 178 1177 243 1218; x_wconf 89' lang='lat' dir='ltr'><strong>cum</strong></span> <span class='ocrx_word' id='word_1_87' title='bbox 260 1157 299 1218; x_wconf 91' lang='lat' dir='ltr'><strong>de</strong></span> <span class='ocrx_word' id='word_1_88' title='bbox 314 1144 471 1219; x_wconf 81' lang='lat' dir='ltr'><strong>firmitate’</strong></span> <span class='ocrx_word' id='word_1_89' title='bbox 461 1159 576 1237; x_wconf 80' lang='lat' dir='ltr'><strong>imperii</strong></span> <span class='ocrx_word' id='word_1_90' title='bbox 588 1168 724 1237; x_wconf 90' lang='lat' dir='ltr'><strong>capturus</strong></span> <span class='ocrx_word' id='word_1_91' title='bbox 734 1161 911 1237; x_wconf 81' lang='lat' dir='ltr'><strong>auspicium</strong></span> <span class='ocrx_word' id='word_1_92' title='bbox 906 1158 1009 1221; x_wconf 86' lang='lat' dir='ltr'><strong>aedem</strong></span> <span class='ocrx_word' id='word_1_93' title='bbox 1020 1160 1104 1221; x_wconf 88' lang='lat' dir='ltr'><strong>Sera·</strong></span> 
     </span>
    </p>

    <p class='ocr_par' dir='ltr' id='par_1_6' title="bbox 62 1241 1107 1489">
     <span class='ocr_line' id='line_1_13' title="bbox 62 1241 1105 1323; baseline 0.007 -25"><span class='ocrx_word' id='word_1_94' title='bbox 62 1289 72 1298; x_wconf 76' lang='grc'><strong><em>,</em></strong></span> <span class='ocrx_word' id='word_1_95' title='bbox 108 1243 183 1323; x_wconf 88' lang='lat' dir='ltr'><strong>pidis</strong></span> <span class='ocrx_word' id='word_1_96' title='bbox 198 1243 347 1303; x_wconf 90' lang='lat' dir='ltr'><strong>summotis</strong></span> <span class='ocrx_word' id='word_1_97' title='bbox 363 1241 496 1302; x_wconf 92' lang='lat' dir='ltr'><strong>omnibus</strong></span> <span class='ocrx_word' id='word_1_98' title='bbox 510 1241 592 1303; x_wconf 88' lang='lat' dir='ltr'><strong>solus</strong></span> <span class='ocrx_word' id='word_1_99' title='bbox 606 1244 753 1319; x_wconf 83' lang='lat' dir='ltr'><strong>intrasset,</strong></span> <span class='ocrx_word' id='word_1_100' title='bbox 770 1259 806 1302; x_wconf 89' lang='lat' dir='ltr'><strong>ac</strong></span> <span class='ocrx_word' id='word_1_101' title='bbox 820 1243 976 1322; x_wconf 88' lang='lat' dir='ltr'><strong>propitiato</strong></span> <span class='ocrx_word' id='word_1_102' title='bbox 988 1245 1105 1308; x_wconf 89' lang='lat' dir='ltr'><strong>multum</strong></span> 
     </span>
     <span class='ocr_line' id='line_1_14' title="bbox 108 1325 1104 1408; baseline 0 -20"><span class='ocrx_word' id='word_1_103' title='bbox 108 1327 166 1388; x_wconf 90' lang='lat' dir='ltr'><strong>deo</strong></span> <span class='ocrx_word' id='word_1_104' title='bbox 183 1326 299 1388; x_wconf 89' lang='lat' dir='ltr'><strong>tandem</strong></span> <span class='ocrx_word' id='word_1_105' title='bbox 313 1344 347 1386; x_wconf 89' lang='lat' dir='ltr'><strong>se</strong></span> <span class='ocrx_word' id='word_1_106' title='bbox 364 1328 575 1402; x_wconf 79' lang='lat' dir='ltr'><strong>convertisset,</strong></span> <span class='ocrx_word' id='word_1_107' title='bbox 597 1325 743 1386; x_wconf 85' lang='lat' dir='ltr'><strong>verbenas</strong></span> <span class='ocrx_word' id='word_1_108' title='bbox 766 1343 950 1404; x_wconf 87' lang='lat' dir='ltr'><strong>coronasque</strong></span> <span class='ocrx_word' id='word_1_109' title='bbox 974 1337 1004 1390; x_wconf 88' lang='lat' dir='ltr'><strong>et</strong></span> <span class='ocrx_word' id='word_1_110' title='bbox 1025 1331 1104 1408; x_wconf 90' lang='lat' dir='ltr'><strong>pani-</strong></span> 
     </span>
     <span class='ocr_line' id='line_1_15' title="bbox 107 1370 1107 1489; baseline 0 -17"><span class='ocrx_word' id='word_1_111' title='bbox 107 1413 205 1489; x_wconf 88' lang='lat' dir='ltr'><strong>licia,</strong></span> <span class='ocrx_word' id='word_1_112' title='bbox 215 1420 247 1470; x_wconf 90' lang='lat' dir='ltr'><strong>nt</strong></span> <span class='ocrx_word' id='word_1_113' title='bbox 265 1410 327 1471; x_wconf 80' lang='lat' dir='ltr'><strong>illic</strong></span> <span class='ocrx_word' id='word_1_114' title='bbox 346 1410 475 1486; x_wconf 88' lang='lat' dir='ltr'><strong>assolet,</strong></span> <span class='ocrx_word' id='word_1_115' title='bbox 501 1370 644 1471; x_wconf 83' lang='lat' dir='ltr'><strong>Basilides</strong></span> <span class='ocrx_word' id='word_1_116' title='bbox 665 1408 788 1473; x_wconf 90' lang='lat' dir='ltr'><strong>libertus</strong></span> <span class='ocrx_word' id='word_1_117' title='bbox 808 1408 951 1471; x_wconf 87' lang='lat' dir='ltr'><strong>obtulisse</strong></span> <span class='ocrx_word' id='word_1_118' title='bbox 975 1410 1004 1475; x_wconf 85' lang='lat' dir='ltr'><strong>ei</strong></span> <span class='ocrx_word' id='word_1_119' title='bbox 1026 1414 1107 1474; x_wconf 83' lang='lat' dir='ltr'><strong>risus</strong></span> 
     </span>
    </p>

    <p class='ocr_par' dir='ltr' id='par_1_7' title="bbox 70 1493 1209 1828">
     <span class='ocr_line' id='line_1_16' title="bbox 70 1493 1107 1576; baseline 0.007 -26"><span class='ocrx_word' id='word_1_120' title='bbox 70 1510 104 1550; x_wconf 96' lang='grc' dir='ltr'><strong>ιι</strong></span> <span class='ocrx_word' id='word_1_121' title='bbox 109 1505 170 1566; x_wconf 89' lang='lat' dir='ltr'><strong>est;</strong></span> <span class='ocrx_word' id='word_1_122' title='bbox 176 1513 271 1575; x_wconf 61' lang='lat' dir='ltr'><strong>mem</strong></span> <span class='ocrx_word' id='word_1_123' title='bbox 286 1513 382 1573; x_wconf 89' lang='lat' dir='ltr'><strong>neque</strong></span> <span class='ocrx_word' id='word_1_124' title='bbox 398 1493 580 1555; x_wconf 89' lang='lat' dir='ltr'><strong>admissuma</strong></span> <span class='ocrx_word' id='word_1_125' title='bbox 594 1511 739 1573; x_wconf 89' lang='lat' dir='ltr'><strong>quoquam</strong></span> <span class='ocrx_word' id='word_1_126' title='bbox 747 1503 780 1554; x_wconf 87' lang='lat' dir='ltr'><strong>et</strong></span> <span class='ocrx_word' id='word_1_127' title='bbox 791 1495 847 1556; x_wconf 89' lang='lat' dir='ltr'><strong>iam</strong></span> <span class='ocrx_word' id='word_1_128' title='bbox 860 1493 972 1574; x_wconf 86' lang='lat' dir='ltr'><strong>pridem</strong></span> <span class='ocrx_word' id='word_1_129' title='bbox 985 1505 1107 1576; x_wconf 87' lang='lat' dir='ltr'><strong>propter</strong></span> 
     </span>
     <span class='ocr_line' id='line_1_17' title="bbox 106 1571 1209 1659; baseline 0.004 -17"><span class='ocrx_word' id='word_1_130' title='bbox 106 1597 264 1642; x_wconf 85' lang='lat' dir='ltr'><strong>nervorum</strong></span> <span class='ocrx_word' id='word_1_131' title='bbox 279 1571 504 1640; x_wconf 90' lang='lat' dir='ltr'><strong>valitudinem</strong></span> <span class='ocrx_word' id='word_1_132' title='bbox 475 1598 525 1638; x_wconf 79' lang='lat' dir='ltr'><strong>rix</strong></span> <span class='ocrx_word' id='word_1_133' title='bbox 538 1577 654 1656; x_wconf 81' lang='lat' dir='ltr'><strong>ingredi</strong></span> <span class='ocrx_word' id='word_1_134' title='bbox 664 1578 812 1659; x_wconf 78' lang='lat' dir='ltr'><strong>longeque</strong></span> <span class='ocrx_word' id='word_1_135' title='bbox 824 1576 932 1639; x_wconf 88' lang='lat' dir='ltr'><strong>abesse</strong></span> <span class='ocrx_word' id='word_1_136' title='bbox 944 1579 1105 1641; x_wconf 80' lang='lat' dir='ltr'><strong>constabat.</strong></span> <span class='ocrx_word' id='word_1_137' title='bbox 1206 1635 1209 1646; x_wconf 69' lang='grc'>,</span> 
     </span>
     <span class='ocr_line' id='line_1_18' title="bbox 106 1659 1106 1743; baseline 0.001 -19"><span class='ocrx_word' id='word_1_138' title='bbox 106 1665 153 1735; x_wconf 74' lang='lat' dir='ltr'><strong>Aa</strong></span> <span class='ocrx_word' id='word_1_139' title='bbox 173 1665 269 1726; x_wconf 78' lang='lat' dir='ltr'><strong>suum</strong></span> <span class='ocrx_word' id='word_1_140' title='bbox 291 1663 439 1724; x_wconf 85' lang='lat' dir='ltr'><strong>advenere</strong></span> <span class='ocrx_word' id='word_1_141' title='bbox 458 1663 606 1742; x_wconf 85' lang='lat' dir='ltr'><strong>litterae,</strong></span> <span class='ocrx_word' id='word_1_142' title='bbox 612 1661 694 1722; x_wconf 84' lang='lat' dir='ltr'><strong>iusas</strong></span> <span class='ocrx_word' id='word_1_143' title='bbox 718 1663 794 1743; x_wconf 91' lang='lat' dir='ltr'><strong>apud</strong></span> <span class='ocrx_word' id='word_1_144' title='bbox 817 1661 990 1726; x_wconf 81' lang='lat' dir='ltr'><strong>Cremonam</strong></span> <span class='ocrx_word' id='word_1_145' title='bbox 1005 1659 1106 1726; x_wconf 85' lang='lat' dir='ltr'><strong>Vitelli</strong></span> 
     </span>
     <span class='ocr_line' id='line_1_19' title="bbox 108 1746 1004 1828; baseline -0.003 -19"><span class='ocrx_word' id='word_1_146' title='bbox 108 1750 223 1828; x_wconf 88' lang='lat' dir='ltr'><strong>copias,</strong></span> <span class='ocrx_word' id='word_1_147' title='bbox 238 1749 333 1826; x_wconf 91' lang='lat' dir='ltr'><strong>ipsum</strong></span> <span class='ocrx_word' id='word_1_148' title='bbox 347 1748 377 1806; x_wconf 89' lang='lat' dir='ltr'><strong>in</strong></span> <span class='ocrx_word' id='word_1_149' title='bbox 392 1746 464 1806; x_wconf 92' lang='lat' dir='ltr'><strong>urbe</strong></span> <span class='ocrx_word' id='word_1_150' title='bbox 481 1749 684 1826; x_wconf 85' lang='lat' dir='ltr'><strong>interemptum</strong></span> <span class='ocrx_word' id='word_1_151' title='bbox 698 1748 869 1808; x_wconf 88' lang='lat' dir='ltr'><strong>nuntiantes.</strong></span> <span class='ocrx_word' id='word_1_152' title='bbox 979 1759 980 1762; x_wconf 74' lang='grc'>’</span> <span class='ocrx_word' id='word_1_153' title='bbox 1001 1807 1004 1814; x_wconf 60' lang='lat'><strong>.</strong></span> 
     </span>
    </p>

    <p class='ocr_par' dir='ltr' id='par_1_8' title="bbox 69 1830 1133 2249">
     <span class='ocr_line' id='line_1_20' title="bbox 169 1830 1133 1914; baseline 0.002 -23"><span class='ocrx_word' id='word_1_154' title='bbox 169 1831 338 1893; x_wconf 75' lang='lat' dir='ltr'><strong>Auctoritas</strong></span> <span class='ocrx_word' id='word_1_155' title='bbox 363 1839 395 1891; x_wconf 91' lang='lat' dir='ltr'><strong>et</strong></span> <span class='ocrx_word' id='word_1_156' title='bbox 418 1831 500 1910; x_wconf 90' lang='lat' dir='ltr'><strong>quasi</strong></span> <span class='ocrx_word' id='word_1_157' title='bbox 518 1831 656 1892; x_wconf 88' lang='lat' dir='ltr'><strong>maiestas</strong></span> <span class='ocrx_word' id='word_1_158' title='bbox 679 1830 819 1911; x_wconf 89' lang='lat' dir='ltr'><strong>quaedam</strong></span> <span class='ocrx_word' id='word_1_159' title='bbox 833 1839 865 1892; x_wconf 91' lang='lat' dir='ltr'><strong>ut</strong></span> <span class='ocrx_word' id='word_1_160' title='bbox 880 1831 995 1893; x_wconf 85' lang='lat' dir='ltr'><strong>scilicet</strong></span> <span class='ocrx_word' id='word_1_161' title='bbox 1013 1832 1105 1914; x_wconf 87' lang='lat' dir='ltr'><strong>inopi·</strong></span> <span class='ocrx_word' id='word_1_162' title='bbox 1129 1865 1133 1873; x_wconf 94' lang='lat'>·</span> 
     </span>
     <span class='ocr_line' id='line_1_21' title="bbox 69 1914 1105 1996; baseline -0.004 -17"><span class='ocrx_word' id='word_1_163' title='bbox 69 1927 178 1979; x_wconf 70' lang='lat' dir='ltr'><strong>sonato</strong></span> <span class='ocrx_word' id='word_1_164' title='bbox 195 1924 225 1975; x_wconf 90' lang='lat' dir='ltr'><strong>et</strong></span> <span class='ocrx_word' id='word_1_165' title='bbox 239 1914 334 1977; x_wconf 88' lang='lat' dir='ltr'><strong>adbuc</strong></span> <span class='ocrx_word' id='word_1_166' title='bbox 352 1932 431 1974; x_wconf 84' lang='lat' dir='ltr'><strong>noro</strong></span> <span class='ocrx_word' id='word_1_167' title='bbox 450 1916 576 1996; x_wconf 88' lang='lat' dir='ltr'><strong>principi</strong></span> <span class='ocrx_word' id='word_1_168' title='bbox 597 1914 713 1985; x_wconf 85' lang='lat' dir='ltr'><strong>deerat;</strong></span> <span class='ocrx_word' id='word_1_169' title='bbox 734 1915 808 1977; x_wconf 88' lang='lat' dir='ltr'><strong>haec</strong></span> <span class='ocrx_word' id='word_1_170' title='bbox 831 1933 947 1995; x_wconf 90' lang='lat' dir='ltr'><strong>quoque</strong></span> <span class='ocrx_word' id='word_1_171' title='bbox 969 1918 1105 1977; x_wconf 86' lang='lat' dir='ltr'><strong>accessit.</strong></span> 
     </span>
     <span class='ocr_line' id='line_1_22' title="bbox 107 1998 1107 2081; baseline -0.002 -18"><span class='ocrx_word' id='word_1_172' title='bbox 107 2001 134 2063; x_wconf 87' lang='grc' dir='ltr'><strong>Ε</strong></span> <span class='ocrx_word' id='word_1_173' title='bbox 148 1999 237 2081; x_wconf 88' lang='lat' dir='ltr'><strong>plebe</strong></span> <span class='ocrx_word' id='word_1_174' title='bbox 251 1998 366 2078; x_wconf 90' lang='lat' dir='ltr'><strong>quidam</strong></span> <span class='ocrx_word' id='word_1_175' title='bbox 380 1998 533 2060; x_wconf 89' lang='lat' dir='ltr'><strong>luminibus</strong></span> <span class='ocrx_word' id='word_1_176' title='bbox 549 1998 680 2077; x_wconf 88' lang='lat' dir='ltr'><strong>orbatus,</strong></span> <span class='ocrx_word' id='word_1_177' title='bbox 697 2000 766 2060; x_wconf 87' lang='lat' dir='ltr'><strong>item</strong></span> <span class='ocrx_word' id='word_1_178' title='bbox 777 1999 852 2060; x_wconf 89' lang='lat' dir='ltr'><strong>alius</strong></span> <span class='ocrx_word' id='word_1_179' title='bbox 864 2000 952 2061; x_wconf 88' lang='lat' dir='ltr'><strong>debili</strong></span> <span class='ocrx_word' id='word_1_180' title='bbox 964 2018 1050 2061; x_wconf 82' lang='lat' dir='ltr'><strong>errare</strong></span> <span class='ocrx_word' id='word_1_181' title='bbox 1061 2020 1107 2061; x_wconf 91' lang='lat' dir='ltr'><strong>se·</strong></span> 
     </span>
     <span class='ocr_line' id='line_1_23' title="bbox 108 2082 1105 2167; baseline 0.001 -21"><span class='ocrx_word' id='word_1_182' title='bbox 108 2087 225 2147; x_wconf 89' lang='lat' dir='ltr'><strong>dentem</strong></span> <span class='ocrx_word' id='word_1_183' title='bbox 237 2101 292 2164; x_wconf 91' lang='lat' dir='ltr'><strong>pro</strong></span> <span class='ocrx_word' id='word_1_184' title='bbox 308 2082 444 2144; x_wconf 88' lang='lat' dir='ltr'><strong>tribunali</strong></span> <span class='ocrx_word' id='word_1_185' title='bbox 460 2085 571 2163; x_wconf 87' lang='lat' dir='ltr'><strong>pariter</strong></span> <span class='ocrx_word' id='word_1_186' title='bbox 586 2083 732 2162; x_wconf 83' lang='lat' dir='ltr'><strong>adierunt,</strong></span> <span class='ocrx_word' id='word_1_187' title='bbox 755 2094 873 2167; x_wconf 81' lang='lat' dir='ltr'><strong>orantes</strong></span> <span class='ocrx_word' id='word_1_188' title='bbox 895 2102 983 2164; x_wconf 89' lang='lat' dir='ltr'><strong>opem</strong></span> <span class='ocrx_word' id='word_1_189' title='bbox 1003 2085 1105 2147; x_wconf 87' lang='lat' dir='ltr'><strong>valitu-</strong></span> 
     </span>
     <span class='ocr_line' id='line_1_24' title="bbox 108 2168 1105 2249; baseline -0.002 -18"><span class='ocrx_word' id='word_1_190' title='bbox 108 2171 167 2232; x_wconf 90' lang='lat' dir='ltr'><strong>dini</strong></span> <span class='ocrx_word' id='word_1_191' title='bbox 182 2169 433 2244; x_wconf 88' lang='lat' dir='ltr'><strong>demonstratama</strong></span> <span class='ocrx_word' id='word_1_192' title='bbox 449 2168 592 2247; x_wconf 86' lang='lat' dir='ltr'><strong>Serapide</strong></span> <span class='ocrx_word' id='word_1_193' title='bbox 607 2169 813 2249; x_wconf 87' lang='lat' dir='ltr'><strong>perquietem:</strong></span> <span class='ocrx_word' id='word_1_194' title='bbox 827 2170 1024 2231; x_wconf 87' lang='lat' dir='ltr'><strong>restituturum</strong></span> <span class='ocrx_word' id='word_1_195' title='bbox 1036 2188 1105 2231; x_wconf 92' lang='lat' dir='ltr'><strong>ocu·</strong></span> 
     </span>
    </p>

    <p class='ocr_par' dir='ltr' id='par_1_9' title="bbox 51 2253 1106 2333">
     <span class='ocr_line' id='line_1_25' title="bbox 51 2253 1106 2333; baseline 0.001 -20"><span class='ocrx_word' id='word_1_196' title='bbox 51 2301 57 2313; x_wconf 84' lang='lat'><strong>.</strong></span> <span class='ocrx_word' id='word_1_197' title='bbox 108 2256 172 2332; x_wconf 91' lang='lat' dir='ltr'><strong>los,</strong></span> <span class='ocrx_word' id='word_1_198' title='bbox 188 2254 399 2333; x_wconf 85' lang='lat' dir='ltr'><strong>siinspuisset;</strong></span> <span class='ocrx_word' id='word_1_199' title='bbox 421 2255 653 2314; x_wconf 83' lang='lat' dir='ltr'><strong>confirmaturum</strong></span> <span class='ocrx_word' id='word_1_200' title='bbox 678 2272 763 2330; x_wconf 89' lang='lat' dir='ltr'><strong>crus,</strong></span> <span class='ocrx_word' id='word_1_201' title='bbox 786 2254 811 2315; x_wconf 88' lang='lat' dir='ltr'><strong>ai</strong></span> <span class='ocrx_word' id='word_1_202' title='bbox 833 2255 1000 2333; x_wconf 89' lang='lat' dir='ltr'><strong>dignaretur</strong></span> <span class='ocrx_word' id='word_1_203' title='bbox 1023 2253 1106 2315; x_wconf 88' lang='lat' dir='ltr'><strong>calce</strong></span> 
     </span>
    </p>

    <p class='ocr_par' dir='ltr' id='par_1_10' title="bbox 70 2337 1106 2752">
     <span class='ocr_line' id='line_1_26' title="bbox 70 2337 1105 2416; baseline -0.005 -12"><span class='ocrx_word' id='word_1_204' title='bbox 70 2338 292 2416; x_wconf 69' lang='lat' dir='ltr'><strong>recontingere.</strong></span> <span class='ocrx_word' id='word_1_205' title='bbox 336 2337 408 2401; x_wconf 80' lang='lat' dir='ltr'><strong>Gom</strong></span> <span class='ocrx_word' id='word_1_206' title='bbox 430 2339 481 2398; x_wconf 82' lang='lat' dir='ltr'><strong>vix</strong></span> <span class='ocrx_word' id='word_1_207' title='bbox 501 2338 574 2399; x_wconf 90' lang='lat' dir='ltr'><strong>lides</strong></span> <span class='ocrx_word' id='word_1_208' title='bbox 594 2346 676 2399; x_wconf 91' lang='lat' dir='ltr'><strong>esset</strong></span> <span class='ocrx_word' id='word_1_209' title='bbox 693 2337 755 2398; x_wconf 88' lang='lat' dir='ltr'><strong>ullo</strong></span> <span class='ocrx_word' id='word_1_210' title='bbox 774 2338 861 2399; x_wconf 92' lang='lat' dir='ltr'><strong>modo</strong></span> <span class='ocrx_word' id='word_1_211' title='bbox 876 2356 939 2399; x_wconf 90' lang='lat' dir='ltr'><strong>rem</strong></span> <span class='ocrx_word' id='word_1_212' title='bbox 953 2354 1105 2400; x_wconf 82' lang='lat' dir='ltr'><strong>successu·</strong></span> 
     </span>
     <span class='ocr_line' id='line_1_27' title="bbox 108 2421 1106 2502; baseline -0.003 -18"><span class='ocrx_word' id='word_1_213' title='bbox 108 2441 182 2501; x_wconf 83' lang='lat' dir='ltr'><strong>ram,</strong></span> <span class='ocrx_word' id='word_1_214' title='bbox 195 2421 320 2502; x_wconf 83' lang='lat' dir='ltr'><strong>ideoque</strong></span> <span class='ocrx_word' id='word_1_215' title='bbox 336 2442 374 2483; x_wconf 86' lang='lat' dir='ltr'><strong>ne</strong></span> <span class='ocrx_word' id='word_1_216' title='bbox 389 2424 517 2500; x_wconf 84' lang='lat' dir='ltr'><strong>experiri</strong></span> <span class='ocrx_word' id='word_1_217' title='bbox 532 2423 647 2502; x_wconf 88' lang='lat' dir='ltr'><strong>quidem</strong></span> <span class='ocrx_word' id='word_1_218' title='bbox 662 2421 798 2501; x_wconf 91' lang='lat' dir='ltr'><strong>auderet,</strong></span> <span class='ocrx_word' id='word_1_219' title='bbox 817 2430 948 2483; x_wconf 79' lang='lat' dir='ltr'><strong>exuemo</strong></span> <span class='ocrx_word' id='word_1_220' title='bbox 967 2423 1106 2482; x_wconf 89' lang='lat' dir='ltr'><strong>hortanti·</strong></span> 
     </span>
     <span class='ocr_line' id='line_1_28' title="bbox 108 2507 1106 2606; baseline -0.005 -38"><span class='ocrx_word' id='word_1_221' title='bbox 108 2508 165 2568; x_wconf 88' lang='lat' dir='ltr'><strong>bus</strong></span> <span class='ocrx_word' id='word_1_222' title='bbox 179 2507 278 2567; x_wconf 89' lang='lat' dir='ltr'><strong>amicis</strong></span> <span class='ocrx_word' id='word_1_223' title='bbox 291 2507 387 2586; x_wconf 85' lang='lat' dir='ltr'><strong>palam</strong></span> <span class='ocrx_word' id='word_1_224' title='bbox 399 2521 453 2585; x_wconf 90' lang='lat' dir='ltr'><strong>pro</strong></span> <span class='ocrx_word' id='word_1_225' title='bbox 466 2508 603 2567; x_wconf 82' lang='lat' dir='ltr'><strong>contione</strong></span> <span class='ocrx_word' id='word_1_226' title='bbox 612 2514 765 2606; x_wconf 81' lang='lat' dir='ltr'><strong>utrumque</strong></span> <span class='ocrx_word' id='word_1_227' title='bbox 776 2508 937 2585; x_wconf 87' lang='lat' dir='ltr'><strong>temptavit,</strong></span> <span class='ocrx_word' id='word_1_228' title='bbox 951 2525 1007 2565; x_wconf 89' lang='lat' dir='ltr'><strong>uec</strong></span> <span class='ocrx_word' id='word_1_229' title='bbox 1019 2521 1106 2567; x_wconf 81' lang='lat' dir='ltr'><strong>eveu-</strong></span> 
     </span>
     <span class='ocr_line' id='line_1_29' title="bbox 108 2587 1106 2678; baseline -0.005 -25"><span class='ocrx_word' id='word_1_230' title='bbox 108 2602 156 2653; x_wconf 90' lang='lat' dir='ltr'><strong>tus</strong></span> <span class='ocrx_word' id='word_1_231' title='bbox 174 2588 275 2652; x_wconf 87' lang='lat' dir='ltr'><strong>defuit.</strong></span> <span class='ocrx_word' id='word_1_232' title='bbox 304 2590 360 2651; x_wconf 83' lang='lat' dir='ltr'><strong>l‘er</strong></span> <span class='ocrx_word' id='word_1_233' title='bbox 374 2588 449 2650; x_wconf 89' lang='lat' dir='ltr'><strong>idem</strong></span> <span class='ocrx_word' id='word_1_234' title='bbox 463 2598 581 2678; x_wconf 86' lang='lat' dir='ltr'><strong>tempus</strong></span> <span class='ocrx_word' id='word_1_235' title='bbox 591 2590 735 2668; x_wconf 83' lang='lat' dir='ltr'><strong>&#39;l&#39;egeae</strong></span> <span class='ocrx_word' id='word_1_236' title='bbox 726 2608 755 2649; x_wconf 94' lang='grc' dir='ltr'><strong>ιιι</strong></span> <span class='ocrx_word' id='word_1_237' title='bbox 770 2587 920 2650; x_wconf 84' lang='lat' dir='ltr'><strong>Arcadia&#39;</strong></span> <span class='ocrx_word' id='word_1_238' title='bbox 911 2590 1047 2661; x_wconf 76' lang='lat' dir='ltr'><strong>instinctu</strong></span> <span class='ocrx_word' id='word_1_239' title='bbox 1058 2606 1106 2648; x_wconf 83' lang='lat' dir='ltr'><strong>va-</strong></span> 
     </span>
     <span class='ocr_line' id='line_1_30' title="bbox 109 2672 1106 2778; baseline -0.005 -41"><span class='ocrx_word' id='word_1_240' title='bbox 109 2677 286 2737; x_wconf 88' lang='lat' dir='ltr'><strong>ticinantium</strong></span> <span class='ocrx_word' id='word_1_241' title='bbox 301 2674 410 2734; x_wconf 85' lang='lat' dir='ltr'><strong>ellossa</strong></span> <span class='ocrx_word' id='word_1_242' title='bbox 426 2680 492 2734; x_wconf 91' lang='lat' dir='ltr'><strong>sunt</strong></span> <span class='ocrx_word' id='word_1_243' title='bbox 507 2682 622 2732; x_wconf 87' lang='lat' dir='ltr'><strong>sacrato</strong></span> <span class='ocrx_word' id='word_1_244' title='bbox 638 2674 706 2733; x_wconf 93' lang='lat' dir='ltr'><strong>loco</strong></span> <span class='ocrx_word' id='word_1_245' title='bbox 721 2690 793 2733; x_wconf 82' lang='lat' dir='ltr'><strong>uasa</strong></span> <span class='ocrx_word' id='word_1_246' title='bbox 808 2672 908 2752; x_wconf 91' lang='lat' dir='ltr'><strong>operis</strong></span> <span class='ocrx_word' id='word_1_247' title='bbox 922 2672 1047 2778; x_wconf 87' lang='lat' dir='ltr'><strong>antiqui,</strong></span> <span class='ocrx_word' id='word_1_248' title='bbox 1066 2682 1106 2732; x_wconf 88' lang='lat' dir='ltr'><strong>at-</strong></span> 
     </span>
    </p>

    <p class='ocr_par' dir='ltr' id='par_1_11' title="bbox 71 2755 736 2841">
     <span class='ocr_line' id='line_1_31' title="bbox 71 2755 736 2841; baseline -0.003 -22"><span class='ocrx_word' id='word_1_249' title='bbox 71 2776 102 2819; x_wconf 80' lang='grc' dir='ltr'><strong>ιι</strong></span> <span class='ocrx_word' id='word_1_250' title='bbox 111 2778 169 2841; x_wconf 90' lang='lat' dir='ltr'><strong>que</strong></span> <span class='ocrx_word' id='word_1_251' title='bbox 184 2759 261 2818; x_wconf 88' lang='lat' dir='ltr'><strong>iniis</strong></span> <span class='ocrx_word' id='word_1_252' title='bbox 276 2756 411 2817; x_wconf 86' lang='lat' dir='ltr'><strong>assimilis</strong></span> <span class='ocrx_word' id='word_1_253' title='bbox 426 2755 636 2836; x_wconf 85' lang='lat' dir='ltr'><strong>Vespasiano&#39;</strong></span> <span class='ocrx_word' id='word_1_254' title='bbox 628 2774 736 2833; x_wconf 75' lang='lat' dir='ltr'><strong>imago</strong></span> 
     </span>
    </p>

    <p class='ocr_par' dir='ltr' id='par_1_12' title="bbox 110 2839 1135 3177">
     <span class='ocr_line' id='line_1_32' title="bbox 175 2839 1135 2920; baseline -0.001 -18"><span class='ocrx_word' id='word_1_255' title='bbox 175 2842 255 2902; x_wconf 87' lang='lat' dir='ltr'><strong>Talis</strong></span> <span class='ocrx_word' id='word_1_256' title='bbox 268 2850 405 2920; x_wconf 86' lang='lat' dir='ltr'><strong>tantaque</strong></span> <span class='ocrx_word' id='word_1_257' title='bbox 420 2858 484 2901; x_wconf 92' lang='lat' dir='ltr'><strong>cum</strong></span> <span class='ocrx_word' id='word_1_258' title='bbox 498 2839 598 2901; x_wconf 88' lang='lat' dir='ltr'><strong>lama</strong></span> <span class='ocrx_word' id='word_1_259' title='bbox 589 2858 618 2899; x_wconf 89' lang='grc' dir='ltr'><strong>ιιι</strong></span> <span class='ocrx_word' id='word_1_260' title='bbox 629 2839 730 2900; x_wconf 86' lang='lat' dir='ltr'><strong>urbem</strong></span> <span class='ocrx_word' id='word_1_261' title='bbox 742 2857 898 2917; x_wconf 88' lang='lat' dir='ltr'><strong>reversus,</strong></span> <span class='ocrx_word' id='word_1_262' title='bbox 923 2849 989 2902; x_wconf 89' lang='lat' dir='ltr'><strong>acto</strong></span> <span class='ocrx_word' id='word_1_263' title='bbox 1011 2840 1047 2904; x_wconf 89' lang='lat' dir='ltr'><strong>de</strong></span> <span class='ocrx_word' id='word_1_264' title='bbox 1060 2841 1104 2902; x_wconf 90' lang='lat' dir='ltr'><strong>lu·</strong></span> <span class='ocrx_word' id='word_1_265' title='bbox 1115 2858 1135 2913; x_wconf 65' lang='grc' dir='ltr'>ο</span> 
     </span>
     <span class='ocr_line' id='line_1_33' title="bbox 110 2890 1106 3027; baseline -0.005 -37"><span class='ocrx_word' id='word_1_266' title='bbox 110 2890 193 2990; x_wconf 81' lang='lat' dir='ltr'><strong>daeis</strong></span> <span class='ocrx_word' id='word_1_267' title='bbox 214 2925 371 3006; x_wconf 85' lang='lat' dir='ltr'><strong>triumpho,</strong></span> <span class='ocrx_word' id='word_1_268' title='bbox 393 2924 559 2988; x_wconf 87' lang='lat' dir='ltr'><strong>consulatus</strong></span> <span class='ocrx_word' id='word_1_269' title='bbox 581 2932 650 2985; x_wconf 88' lang='lat' dir='ltr'><strong>octo</strong></span> <span class='ocrx_word' id='word_1_270' title='bbox 674 2926 767 2985; x_wconf 86' lang='lat' dir='ltr'><strong>reteri</strong></span> <span class='ocrx_word' id='word_1_271' title='bbox 786 2924 906 2994; x_wconf 87' lang='lat' dir='ltr'><strong>addidit;</strong></span> <span class='ocrx_word' id='word_1_272' title='bbox 927 2928 1057 3027; x_wconf 85' lang='lat' dir='ltr'><strong>suscepit</strong></span> <span class='ocrx_word' id='word_1_273' title='bbox 1077 2936 1106 2987; x_wconf 93' lang='lat' dir='ltr'><strong>et</strong></span> 
     </span>
     <span class='ocr_line' id='line_1_34' title="bbox 111 3006 1105 3091; baseline -0.004 -18"><span class='ocrx_word' id='word_1_274' title='bbox 111 3028 274 3089; x_wconf 86' lang='lat' dir='ltr'><strong>censuram,</strong></span> <span class='ocrx_word' id='word_1_275' title='bbox 292 3028 328 3069; x_wconf 91' lang='lat' dir='ltr'><strong>ac</strong></span> <span class='ocrx_word' id='word_1_276' title='bbox 343 3028 398 3089; x_wconf 91' lang='lat' dir='ltr'><strong>per</strong></span> <span class='ocrx_word' id='word_1_277' title='bbox 412 3018 502 3070; x_wconf 88' lang='lat' dir='ltr'><strong>totum</strong></span> <span class='ocrx_word' id='word_1_278' title='bbox 515 3009 629 3087; x_wconf 88' lang='lat' dir='ltr'><strong>imperii</strong></span> <span class='ocrx_word' id='word_1_279' title='bbox 644 3018 759 3089; x_wconf 89' lang='lat' dir='ltr'><strong>tempus</strong></span> <span class='ocrx_word' id='word_1_280' title='bbox 772 3009 842 3070; x_wconf 90' lang='lat' dir='ltr'><strong>nihil</strong></span> <span class='ocrx_word' id='word_1_281' title='bbox 854 3006 952 3071; x_wconf 87' lang='lat' dir='ltr'><strong>babuit</strong></span> <span class='ocrx_word' id='word_1_282' title='bbox 963 3012 1105 3091; x_wconf 90' lang='lat' dir='ltr'><strong>antiquius</strong></span> 
     </span>
     <span class='ocr_line' id='line_1_35' title="bbox 111 3092 1105 3177; baseline -0.002 -20"><span class='ocrx_word' id='word_1_283' title='bbox 111 3114 198 3177; x_wconf 90' lang='lat' dir='ltr'><strong>quam</strong></span> <span class='ocrx_word' id='word_1_284' title='bbox 218 3112 314 3176; x_wconf 91' lang='lat' dir='ltr'><strong>prope</strong></span> <span class='ocrx_word' id='word_1_285' title='bbox 337 3094 472 3156; x_wconf 85' lang='lat' dir='ltr'><strong>uillictam</strong></span> <span class='ocrx_word' id='word_1_286' title='bbox 490 3102 695 3173; x_wconf 70' lang='lat' dir='ltr'><strong>ouantemque</strong></span> <span class='ocrx_word' id='word_1_287' title='bbox 708 3111 771 3155; x_wconf 88' lang='lat' dir='ltr'><strong>rem</strong></span> <span class='ocrx_word' id='word_1_288' title='bbox 790 3112 820 3173; x_wconf 94' lang='lat' dir='ltr'><strong>p.</strong></span> <span class='ocrx_word' id='word_1_289' title='bbox 838 3092 971 3159; x_wconf 84' lang='lat' dir='ltr'><strong>stabilire</strong></span> <span class='ocrx_word' id='word_1_290' title='bbox 1001 3098 1105 3176; x_wconf 89' lang='lat' dir='ltr'><strong>primo,</strong></span> 
     </span>
    </p>

    <p class='ocr_par' dir='ltr' id='par_1_13' title="bbox 72 3179 1081 3254">
     <span class='ocr_line' id='line_1_36' title="bbox 72 3179 1081 3254; baseline -0.006 -9"><span class='ocrx_word' id='word_1_291' title='bbox 72 3179 218 3245; x_wconf 79' lang='lat' dir='ltr'><strong>ssdeinde</strong></span> <span class='ocrx_word' id='word_1_292' title='bbox 232 3188 392 3241; x_wconf 83' lang='lat' dir='ltr'><strong>etoruare.</strong></span> <span class='ocrx_word' id='word_1_293' title='bbox 1079 3249 1081 3254; x_wconf 88' lang='lat'><strong>.</strong></span> 
     </span>
    </p>

    <p class='ocr_par' dir='ltr' id='par_1_14' title="bbox 111 3260 1107 3512">
     <span class='ocr_line' id='line_1_37' title="bbox 174 3260 1107 3342; baseline -0.003 -17"><span class='ocrx_word' id='word_1_294' title='bbox 174 3264 282 3325; x_wconf 85' lang='lat' dir='ltr'><strong>llilites</strong></span> <span class='ocrx_word' id='word_1_295' title='bbox 297 3279 365 3342; x_wconf 88' lang='lat' dir='ltr'><strong>pars</strong></span> <span class='ocrx_word' id='word_1_296' title='bbox 380 3260 654 3339; x_wconf 80' lang='lat' dir='ltr'><strong>uictoriaeliducia,</strong></span> <span class='ocrx_word' id='word_1_297' title='bbox 670 3280 739 3340; x_wconf 86' lang='lat' dir='ltr'><strong>pars</strong></span> <span class='ocrx_word' id='word_1_298' title='bbox 754 3263 929 3342; x_wconf 83' lang='lat' dir='ltr'><strong>ignominiae</strong></span> <span class='ocrx_word' id='word_1_299' title='bbox 951 3264 1054 3325; x_wconf 90' lang='lat' dir='ltr'><strong>dolore</strong></span> <span class='ocrx_word' id='word_1_300' title='bbox 1070 3262 1107 3323; x_wconf 91' lang='lat' dir='ltr'><strong>ad</strong></span> 
     </span>
     <span class='ocr_line' id='line_1_38' title="bbox 111 3344 1105 3427; baseline -0.002 -18"><span class='ocrx_word' id='word_1_301' title='bbox 111 3366 226 3411; x_wconf 89' lang='lat' dir='ltr'><strong>omnem</strong></span> <span class='ocrx_word' id='word_1_302' title='bbox 239 3348 385 3410; x_wconf 85' lang='lat' dir='ltr'><strong>licentiam</strong></span> <span class='ocrx_word' id='word_1_303' title='bbox 400 3344 605 3427; x_wconf 85' lang='lat' dir='ltr'><strong>audaciamque</strong></span> <span class='ocrx_word' id='word_1_304' title='bbox 617 3358 842 3427; x_wconf 83' lang='lat' dir='ltr'><strong>processerant;</strong></span> <span class='ocrx_word' id='word_1_305' title='bbox 864 3346 917 3409; x_wconf 92' lang='lat' dir='ltr'><strong>sed</strong></span> <span class='ocrx_word' id='word_1_306' title='bbox 942 3355 971 3407; x_wconf 93' lang='lat' dir='ltr'><strong>et</strong></span> <span class='ocrx_word' id='word_1_307' title='bbox 989 3348 1105 3425; x_wconf 87' lang='lat' dir='ltr'><strong>provin·</strong></span> 
     </span>
     <span class='ocr_line' id='line_1_39' title="bbox 112 3428 1106 3512; baseline -0.002 -19"><span class='ocrx_word' id='word_1_308' title='bbox 112 3433 178 3495; x_wconf 88' lang='lat' dir='ltr'><strong>ciae</strong></span> <span class='ocrx_word' id='word_1_309' title='bbox 193 3434 384 3512; x_wconf 84' lang='lat' dir='ltr'><strong>ciuitatesque</strong></span> <span class='ocrx_word' id='word_1_310' title='bbox 396 3430 524 3511; x_wconf 89' lang='lat' dir='ltr'><strong>liberae,</strong></span> <span class='ocrx_word' id='word_1_311' title='bbox 537 3448 595 3493; x_wconf 89' lang='lat' dir='ltr'><strong>nec</strong></span> <span class='ocrx_word' id='word_1_312' title='bbox 608 3448 668 3493; x_wconf 90' lang='lat' dir='ltr'><strong>nou</strong></span> <span class='ocrx_word' id='word_1_313' title='bbox 688 3441 717 3494; x_wconf 89' lang='lat' dir='ltr'><strong>et</strong></span> <span class='ocrx_word' id='word_1_314' title='bbox 737 3448 830 3511; x_wconf 88' lang='lat' dir='ltr'><strong>regna</strong></span> <span class='ocrx_word' id='word_1_315' title='bbox 850 3431 990 3511; x_wconf 80' lang='lat' dir='ltr'><strong>quaedam</strong></span> <span class='ocrx_word' id='word_1_316' title='bbox 1007 3428 1106 3491; x_wconf 90' lang='lat' dir='ltr'><strong>tumul·</strong></span> 
     </span>
    </p>
   </div>
   <div class='ocr_carea' id='block_1_3' title="bbox 13 562 24 593">
    <p class='ocr_par' dir='ltr' id='par_1_15' title="bbox 13 562 24 593">
     <span class='ocr_line' id='line_1_40' title="bbox 13 562 24 593; baseline 0 0"><span class='ocrx_word' id='word_1_317' title='bbox 13 562 24 593; x_wconf 73' lang='lat'><em>7</em></span> 
     </span>
    </p>
   </div>
   <div class='ocr_carea' id='block_1_4' title="bbox 0 0 1242 3775">
    <p class='ocr_par' dir='ltr' id='par_1_16' title="bbox 0 0 1242 3775">
     <span class='ocr_line' id='line_1_41' title="bbox 0 0 1242 3775; baseline 0 0"><span class='ocrx_word' id='word_1_318' title='bbox 0 0 1242 3775; x_wconf 95' lang='lat' dir='ltr'><strong> </strong></span> 
     </span>
    </p>
   </div>
  </div>
 </body>
</html>
