2475 3775
226 160 282 234 ,nx
567 161 776 210 rnannerso.

296 320 351 376 lcnr
371 320 481 376 collatis
505 318 578 375 inter
598 336 630 375 se
650 319 732 376 libris
751 319 843 375 indice
863 321 909 375 vel
930 317 1067 390 praeditis
1088 320 1138 375 rel

235 403 375 459 destitutis
391 404 416 459 si
434 404 496 475 quis
510 402 685 475 inquisierit,
705 403 760 458 utri
783 404 939 460 uniuersam
954 400 1137 472 scriptionem

235 487 344 543 iidelius
361 493 389 542 et
403 486 539 557 integrius
551 487 686 555 referant,
701 488 753 541 bos
768 487 943 558 posteriores
959 483 1050 540 multis
1061 485 1136 540 locis

234 570 359 643 reperiet
371 570 477 643 pariter
492 585 587 625 omnes
602 576 750 642 corruptos
771 569 826 640 ita,
849 576 879 624 ut
892 561 1054 625 necessario
1070 582 1136 623 cor-

234 654 290 724 rigi
312 654 431 709 debeant
456 658 484 707 et
511 654 673 725 plerumque
697 653 807 725 possint
826 670 862 708 ex
887 651 1046 725 prioribus,
1067 652 1137 706 illos

235 752 314 807 uero,
326 736 379 791 etsi
393 752 447 791 non
464 734 652 809 incorruptos,
668 742 696 792 et
708 741 763 791 tem
778 735 913 807 egregios
925 738 1090 805 cognoscet,
1105 739 1138 788 ut

235 820 383 877 exalteris
400 820 603 890 certetcorrigi
623 820 732 891 possint
745 835 879 890 nusquam
887 814 935 892 ³⁷).
979 816 1136 887 Distingui-

235 919 293 958 mus
309 902 396 975 igitur
411 902 465 957 duo
484 902 617 959 librorum
637 919 757 986 genera,
774 919 890 974 quorum
909 904 1026 959 alterum
1040 900 1136 955 indice

233 988 358 1060 praellae
373 984 497 1041 notabile
508 986 623 1041 codices
635 986 785 1042 Vaticanos
800 994 869 1047 1518
883 990 911 1041 ot
927 983 1136 1055 1861111155-

235 1086 308 1138 sem,
336 1068 500 1134 Gudianum,
525 1068 751 1141 Neapolitanum,
778 1076 927 1142 prosterno
949 1067 1136 1124 Florentinum

236 1152 386 1207 editionem
400 1152 593 1224 complectitur
613 1153 750 1225 simulque
764 1152 873 1209 interna
893 1168 942 1208 sua
963 1149 1136 1224 praestantia

235 1236 457 1305 commendatur,
477 1236 593 1291 alterum
613 1236 703 1291 libros
723 1238 868 1292 continens
881 1234 1043 1294 Vaticanum
1055 1238 1136 1302 44⁹8,

233 1319 438 1388 Florentinum,
452 1319 601 1387 Venetum,
616 1312 844 1390 Be‘rolinensem,
858 1318 1044 1386 llarleiunum,
1058 1316 1137 1371 l'ari-

236 1402 325 1459 sinum
341 1419 401 1458 cunr
414 1402 582 1458 editionibus
594 1401 702 1464 incerta
717 1420 749 1458 ao
758 1403 866 1459 Veneta
882 1420 906 1459 a.
920 1406 990 1461 1474
1005 1407 1034 1456 et
1043 1399 1137 1455 indice

236 1492 315 1545 curet
330 1492 358 1541 ct
379 1486 553 1542 auctoritate.
597 1485 632 1541 Et
650 1486 771 1541 indicem
785 1486 895 1557 quidem
910 1500 961 1558 per
979 1501 1010 1539 se
1025 1488 1138 1555 spectu-

235 1574 291 1625 tum
306 1570 341 1625 ad
354 1568 489 1625 librorum
502 1567 654 1625 bonitatem
668 1568 737 1624 nibil
754 1568 860 1639 lacere,
873 1568 1034 1625 Florentino
1049 1567 1137 1622 editio

236 1658 265 1708 et
282 1651 433 1730 Vaticanus
450 1652 524 1708 liber
538 1658 608 1712 4498
629 1651 812 1722 convincunt,
839 1668 955 1724 quorum
973 1652 1022 1707 illa
1043 1650 1137 1705 indice

236 1751 335 1791 cerens
350 1735 460 1791 meliori
474 1736 607 1791 librorum
622 1736 737 1807 generi,
758 1736 805 1792 bic
818 1736 912 1793 indice
929 1734 1071 1808 praeditus
1086 1733 1137 1787 de-

236 1818 335 1875 teriori
359 1820 543 1891 assignandus
568 1820 629 1875 luit.
673 1820 730 1875 Sed
754 1820 866 1876 lucilius
891 1822 947 1875 boc
975 1820 1136 1889 argumento

234 1904 288 1960 ribi
318 1905 518 1976 persuadebis,
549 1904 705 1960 deteriores
735 1904 825 1960 libros
859 1919 954 1959 omnes
984 1918 1020 1958 cx
1043 1897 1137 1969 aliquo

237 1989 365 2059 exemplo
380 1988 504 2044 melioris
519 1987 633 2059 generis
648 1987 702 2044 iam
718 1988 786 2043 satis
797 1989 961 2060 depravato,
976 1984 1066 2056 qualis
1080 1983 1139 2038 Va-

154 2139 156 2143 ,
236 2071 344 2125 ticenus
361 2075 430 2131 4498
445 2076 503 2140 est,
523 2071 596 2126 iectu
611 2071 725 2142 insuper
744 2071 845 2127 indicis
863 2071 987 2139 iectura,
1007 2083 1070 2124 csse
1086 2066 1138 2120 de-

235 2153 351 2208 rivatus.

298 2234 364 2288 Rem
379 2238 408 2287 ut
427 2234 511 2305 paulo
526 2233 689 2305 diligentius
707 2237 842 2308 exemplis
864 2236 1051 2302 illustremus,
1070 2231 1136 2293 libri

237 2314 427 2372 berolinensis
441 2316 604 2372 llarleianus
620 2317 770 2390 Parisinus,
784 2321 906 2390 itemque
920 2318 975 2374 nisi
992 2315 1137 2373 iallorVa-

238 2399 345 2455 ticeuus
362 2403 431 2458 4498
454 2405 481 2454 et
502 2399 695 2471 Florentium,
713 2409 853 2475 postremo
869 2402 976 2458 Veneta
998 2397 1137 2455 editione

237 2483 399 2556 plenumque
414 2477 564 2556 lncertaoe)
581 2485 718 2541 vocabula
738 2486 865 2541 omittunt
878 2485 979 2540 colice!
998 2500 1026 2555 p.
1041 2487 1103 2549 257,
1119 2486 1139 2539 3

239 2572 345 2637 01259,
364 2566 1138 2640 15;ic1p.164,1o;cop-265‚b³;uu⁰⁶1·268‚1⁷;

239 2656 370 2723 corrupte
384 2650 521 2722 praebent
538 2665 565 2722 p.
580 2655 642 2720 263,
657 2657 690 2711 15
704 2667 795 2723 cuper
806 2652 928 2725 factum,
945 2655 981 2708 16
993 2650 1139 2720 praesente

238 2736 317 2802 scire,
334 2741 366 2793 31
381 2731 518 2794 induerer
536 2751 568 2806 p-
585 2738 652 2805 264,
672 2741 707 2795 30
727 2735 848 2790 liberalis
869 2735 1012 2807 antiquum
1029 2748 1058 2803 p.
1076 2734 1138 2798 265,

308 2959 352 3022 37)
371 2961 434 3010 Num
455 2977 481 3027 p.
500 2962 565 3022 271,
585 2963 618 3013 14
632 2966 755 3025 incipere,
779 2966 847 3028 quod
864 2964 934 3014 solus
949 2961 1080 3011 Parisinus
1097 2971 1140 3008 co·

241 3029 291 3078 dex
306 3027 380 3077 habet
397 3043 443 3094 pro
460 3031 487 3088 io
507 3045 598 3093 opere,
624 3030 692 3080 felici
711 3033 867 3082 coniecturae
887 3031 974 3082 deberi
992 3027 1139 3077 Harleiauus

240 3103 325 3160 aperte
349 3096 511 3149 demonstrat.
548 3097 653 3148 Obstare
675 3099 774 3150 videtur
796 3100 867 3150 locus
888 3115 915 3165 p.
941 3096 1010 3157 270,
1039 3094 1074 3146 26
1097 3091 1140 3143 ubi

240 3163 310 3216 Leid.
329 3162 392 3214 (lud.
412 3164 514 3215 edl'lor.
530 3183 547 3216 a
561 3167 588 3218 0.
601 3166 694 3217 lnbent
704 3182 750 3233 pro
768 3167 800 3217 ab
809 3187 828 3226 ,·-
838 3169 909 3231 atqui
923 3167 955 3216 dc
969 3163 1100 3216 Vaticanis
1116 3168 1140 3210 el

240 3231 403 3298 Neapolitano
422 3234 533 3282 nondum
554 3241 659 3284 constat.

261 3371 263 3376 -
308 3331 352 3396 38)
370 3332 474 3384 Duobus
492 3334 619 3384 codicibus
638 3336 660 3385 is
679 3335 721 3398 qni
742 3337 865 3386 Incertum
887 3335 1024 3384 editionem
1042 3330 1141 3398 paravit

239 3417 302 3453 usus
320 3416 376 3452 esse
391 3402 500 3454 videtur.
