2475 3775
550 131 654 180 uano.
758 181 761 188 ,
860 167 862 177 .
1038 105 1099 184 stt
1213 99 1221 119 ’

863 213 867 244 ι

107 287 260 368 multiplex
273 303 390 365 penus,
389 293 520 345 tesserae
532 253 743 362 frumentariae,
760 287 861 362 vestis,
877 256 984 387 aurum,
996 307 1099 366 argen-

109 381 177 449 tum,
197 389 337 448 gemmae,
354 371 539 451 margaritae,
551 355 666 429 tabulae
681 371 788 448 pictae,
804 370 957 449 mancipia,
967 373 1099 451 iumenta,

108 465 195 534 atque
209 456 294 516 etiam
310 461 476 514 mansuetae
490 452 581 528 lerae,
598 453 755 514 novissime
768 472 858 515 naues
864 455 1011 531 ,insulae,
1028 459 1101 532 agri.

107 539 169 600 llos
184 538 268 599 ludos
284 537 428 616 spectavit
450 555 467 596 e
487 538 626 616 prosceni
647 536 775 614 fastigio.
818 538 954 615 Munere,
976 539 1082 618 quod
1074 558 1102 598 m
1110 547 1145 600 12

84 623 321 702 tamphitheatrn
335 621 434 698 ligneo
449 621 571 696 regione
584 620 679 682 Martii
695 623 788 701 campi
803 623 876 681 iutra
892 623 957 682 anni
967 623 1102 714 spatium

32 780 38 788 Ι
106 707 250 768 fabricato
264 704 352 780 dedit,
367 705 509 763 neminem
525 703 648 781 occidit,
666 722 702 764 ne
724 707 876 766 noxiorum
900 705 1029 784 quidem;
1053 706 1101 766 ex'-

105 791 198 851 hibuit
213 798 307 850 autem
319 787 355 848 ad
365 789 473 848 ferrum
485 788 570 848 etiam
572 787 809 869 quadringentos
820 799 972 849 senatores
984 785 1101 849 sescen·
1127 789 1138 818 ²

105 883 219 973 apsque
227 873 339 952 equites
349 870 505 949 Romanos,
518 880 548 931 et
560 862 697 950 quosdam
711 871 844 938 fortunae
859 881 944 952 atque
959 863 1102 933 existima·

107 958 200 1018 tionis
210 958 352 1034 integrae,
370 973 408 1014 ex
427 955 518 1017 isdem
532 955 682 1016 ordinibus
698 957 885 1017 coniectores
899 974 1016 1035 quoque
1028 957 1102 1016 fera·
1199 1005 1202 1010 ,
1225 969 1228 982 ’

72 1057 99 1098 ro
107 1059 170 1103 rum
185 1049 214 1100 et
229 1041 308 1114 varia
323 1039 450 1100 harenae
464 1040 636 1115 ministeria;
653 1029 782 1118 exhihuit
797 1049 827 1101 et
839 1039 1033 1101 naumachiam
1045 1056 1102 1100 ma-

105 1127 168 1186 rina
185 1141 269 1202 aqua,
285 1122 446 1183 innantibus
466 1122 575 1192 beluis;
592 1125 666 1183 item
687 1097 838 1203 pyrrichas
857 1110 1030 1202 quasdame
1052 1141 1102 1184 uu·

105 1225 187 1268 mero
206 1206 396 1286 epheborum,
412 1206 515 1285 quibus
529 1216 597 1285 post
613 1207 717 1267 editam
733 1225 851 1286 operam
867 1207 1060 1287 diplomata
1034 1207 1102 1268 ιιιι-

105 1292 173 1352 tatis
188 1291 336 1352 Romanae
350 1290 471 1367 singulis
487 1290 600 1368 optulit.
631 1290 709 1351 Inter
724 1290 921 1370 pyrricharum
935 1300 1104 1370 argumenta

107 1383 207 1437 taurus
221 1373 392 1453 Pasiphaam
407 1373 507 1451 ligneo
521 1375 663 1434 iuvencae
679 1373 832 1434 simulacro
849 1373 972 1444 abditam
987 1376 1057 1450 iniit,
1074 1383 1105 1432 ιι

4 1503 5 1506 ¹
71 1459 186 1518 1⁵multi
208 1459 399 1537 spectantium
422 1456 618 1528 crediderunt;
645 1455 745 1522 Icarus
767 1458 860 1536 primo
883 1459 976 1517 statim
999 1451 1104 1519 conatu

105 1544 185 1602 iuxta
202 1541 403 1603 cubiculum
376 1560 439 1602 enus
450 1541 580 1603 decidit
570 1559 720 1629 ipsumque
733 1555 838 1600 eruore
848 1542 999 1620 respersit.
1030 1540 1103 1600 Nam

106 1619 228 1705 perraro
250 1625 428 1704 praesidere,
445 1635 573 1685 ceterum
590 1617 745 1702 accubaris,
765 1627 862 1704 parvis
884 1627 1005 1705 primum
1026 1624 1102 1685 lora·

105 1708 239 1786 minibus,
257 1708 363 1768 deinde
376 1707 438 1768 toto'
455 1708 544 1787 podio
560 1707 699 1786 adaperto
715 1717 850 1786 spectare
867 1716 1042 1768 consuerat..

169 1792 295 1852 Instituit
310 1800 338 1851 et
353 1791 566 1870 quinquennale
581 1800 729 1851 certamen
739 1791 847 1870 primus
859 1793 983 1851 omnium
993 1792 1105 1872 Romae

70 1894 189 1939 mmore
212 1875 325 1937 Graeco
349 1875 473 1955 triplex,
498 1871 636 1935 musicum
665 1876 827 1953 gymnicum
855 1883 1009 1953 equestre,
1027 1873 1104 1973 quod
1120 1874 1160 1895 ’·’

105 1961 267 2058 appellavit
284 1959 429 2039 Neropia,
455 1958 664 2037 dedicatisque
685 1959 804 2018 thermis
830 1968 915 2037 atque
943 1959 1102 2035 gymnasio,

105 2045 217 2106 senatui
233 2061 348 2123 quoque
364 2053 395 2103 et
408 2044 498 2121 equiti
512 2042 609 2104 oleum
624 2042 765 2123 praebuit.
793 2042 966 2123 Magistros
962 2050 1025 2103 toto
1040 2060 1103 2101 cer-

104 2128 204 2188 tamini
221 2128 390 2207 praeposuit
403 2126 574 2187 consulares
590 2136 681 2203 sorte,
698 2125 768 2187 sede
788 2136 963 2225 praetorum.
990 2122 1103 2187 Deinde

105 2214 138 2271 in
151 2210 330 2271 orchestram
345 2220 533 2290 senatumque
545 2209 706 2291 descendit,
724 2219 753 2271 et
767 2212 904 2279 orationis
917 2210 1030 2290 quidem
1042 2228 1102 2271 car·
1165 2263 1169 2271 .

69 2318 96 2357 25
106 2296 249 2374 minisque
263 2295 354 2355 Latini
369 2313 517 2373 eoronam,
533 2294 570 2354 de
585 2313 640 2374 qua
655 2295 874 2355 honestissimus
894 2296 1015 2393 quisque
1035 2311 1102 2353 eon·

92 2378 273 2472 tenderat
241 2395 393 2459 ,ipsorum
410 2397 555 2440 consensu
571 2396 743 2439 concessam
761 2378 814 2439 sibi
828 2380 957 2457 recepit,
975 2376 1103 2438 citharae

65 2522 76 2535 ,
84 2437 202 2524 autem
216 2481 233 2524 a
246 2463 388 2523 iudicibus
405 2463 442 2523 ad
457 2482 490 2523 se
502 2462 625 2524 delatam
637 2462 768 2526 adoravit
789 2462 916 2540 ferrique
932 2461 968 2521 ad
979 2458 1103 2536 Augusti

107 2555 230 2607 statuam
244 2547 336 2607 iussit.
381 2546 532 2621 Gymnico,
548 2545 656 2643 quod
648 2565 676 2605 m
692 2547 799 2624 Septis
812 2536 952 2619 edebat,
953 2546 1028 2611 inter
1052 2541 1102 2600 hu·

34 2634 38 2639 '
105 2629 221 2706 thasiae
241 2638 411 2710 apparatum
433 2628 552 2688 barbam
574 2628 693 2725 primam
713 2628 824 2725 posuit,
846 2625 1083 2703 ·conditamque'
1074 2642 1105 2683 ιιι

70 2737 97 2780 an
107 2732 224 2774 auream
239 2712 375 2797 pyxidem
390 2720 420 2771 et
433 2711 653 2792 pretiosissimis
663 2712 826 2787 margaritis
837 2706 1003 2771 adornatam
1019 2707 1102 2787 (lapi-
1152 2728 1154 2735 ’

74 2798 180 2866 tolio
198 2797 390 2856 consecravit.
434 2793 482 2854 Ad
503 2791 672 2856 athletarum
683 2792 891 2873 spectaculum
919 2793 1048 2853 invitavit
1074 2801 1104 2853 et

53 2930 59 2936 .
105 2898 237 2959 vlrgltles
248 2878 395 2955 Vestales,
411 2879 482 2957 quia
491 2873 642 2956 Olympiae
665 2895 781 2956 quoque
803 2876 921 2958 Cereris
945 2876 1131 2938 sacerdoti·

106 2963 160 3025 bus
176 2972 311 3044 spectare
328 2961 505 3023 conceditur.

172 3048 238 3109 Non
253 3048 394 3108 immerito
409 3048 484 3107 inter
500 3044 667 3124 'spectacula
682 3043 717 3105 ab
734 3061 770 3103 eo
787 3043 863 3105 editu
877 3055 914 3109 et
921 3044 1082 3106 'l'iridatis
1073 3061 1103 3101 m
1111 3040 1148 3093 13

73 3133 210 3198 asnrhem
223 3132 368 3193 introitum
381 3130 538 3191 retulerim
582 3129 674 3205 Quem
689 3128 842 3189 Armeniae
857 3148 969 3207 regem,
992 3128 1103 3205 magnis

107 3215 368 3297 pollicitationibus
385 3214 576 3291 sollieitamm,
593 3231 656 3272 cum
671 3212 814 3273 destinato
838 3231 893 3293 per
912 3212 1033 3273 edietum
1057 3210 1102 3268 die

108 3311 278 3363 ostensurus
291 3298 402 3399 populo
426 3305 548 3397 propter
562 3287 689 3357 nubilum
705 3297 872 3374 distulisset,
891 3296 1025 3375 produxit
1046 3307 1102 3387 quo

109 3385 355 3508 opportunissime
374 3384 477 3463 potuit,
503 3381 651 3511 dispositis
673 3382 751 3443 circa
773 3381 830 3448 lori
855 3380 963 3458 templa
988 3374 1103 3436 armatis
