2475 3775
198 178 272 226 xcn
539 139 749 226 ruscitulo,

45 332 160 426 ”tm
178 343 195 372 ⁸·
267 337 385 393 Adloos
398 338 431 392 ab
444 337 552 394 Isidoro
566 333 1110 394 extratosirolibrisl’rstorum

205 421 360 493 Tranquilli
381 427 513 493 excerpta
536 423 683 492 egregium
698 437 787 493 nuper
812 420 965 478 subsidium
988 418 1111 475 acomsit

206 505 334 564 sollertia
356 497 506 560 Gn's'tavi
529 506 671 561 Becker
692 506 878 575 innocencia,
899 503 943 560 cni
966 503 1107 564 libeliide

167 621 172 636 ι
205 592 307 662 Natura
322 605 415 644 rerum
433 587 551 644 debetur
566 587 653 644 editio
667 605 730 644 uon
748 589 833 645 modo
853 589 882 644 in
900 587 994 643 verbis
1014 603 1108 642 emcn-

205 675 298 732 datior
313 689 392 743 quem
407 670 574 726 Arevaiiaua
590 672 658 742 tuit,
685 672 778 728 sedin
798 670 1009 728 auctoritatibus
1025 670 1109 728 etiam

205 756 374 827 colligendis
389 755 473 809 rnntto
489 753 660 825 diligentior.
705 755 732 811 ts
747 755 834 826 igitar
849 771 904 811 non
925 755 995 811 satis
1011 753 1110 810 hahuit

206 844 241 898 sd
252 839 415 897 Suetonium
429 837 537 892 referre
552 854 623 909 quae
637 839 762 894 Isidorus
779 839 936 895 nominatim
955 838 1020 894 indo
1035 843 1109 893 otta

205 927 254 995 iit,
276 925 327 981 sed
349 929 377 977 et
392 937 464 992 quac
488 922 614 992 proxime
629 923 674 978 vel
696 924 900 994 praecederent
913 922 959 978 vei
973 922 1106 992 inseque-

206 1014 311 1076 rentur,
327 1011 357 1060 ut
370 1022 433 1076 cap.
443 1009 476 1064 37
492 1010 521 1059 et
535 1010 579 1074 38,
599 1006 665 1077 quin
680 1007 762 1062 etism
776 1007 907 1062 nonnulla
923 1023 939 1061 a
953 1003 1107 1076 tranquilii

205 1091 315 1147 nomine
330 1090 416 1159 longe
435 1095 552 1158 remota,
567 1089 640 1144 sicut
656 1090 685 1144 in
705 1090 803 1161 primis
817 1105 868 1144 sex
886 1088 1041 1160 capitibus,
1064 1087 1108 1142 ei-

205 1176 268 1231 dem
295 1173 402 1230 auctori
430 1172 576 1228 tribuenda
607 1189 672 1228 osso
700 1173 768 1228 satis
792 1173 986 1244 probabiliter¹
1000 1171 1106 1231 docuit.

205 1257 289 1313 Cuius
304 1256 553 1326 argumentationis
569 1271 671 1312 sommo
685 1257 756 1312 hooc
771 1263 829 1324 est,
844 1263 874 1311 nt
892 1261 975 1327 eaput
989 1259 1034 1324 37,
1049 1269 1106 1326 quo

205 1341 280 1396 venti
297 1345 490 1396 enumerantur
510 1345 607 1410 quater
622 1339 713 1410 terni,
733 1346 819 1395 totum
837 1339 991 1410 eodemque
1006 1338 1107 1393 ordine

204 1425 333 1480 versibus
352 1417 514 1498 leoninisoe)
531 1422 602 1479 inira
618 1441 646 1495 p.
657 1430 722 1492 305,
737 1428 770 1482 27
785 1423 877 1478 citatis
892 1422 995 1478 includi
1010 1420 1107 1492 ibique

205 1509 365 1580 Tranqossio
386 1507 470 1562 tribrd
493 1513 635 1573 moneret,
659 1514 715 1562 turn
735 1507 771 1562 de
796 1507 886 1576 signis
912 1511 1107 1577 tempestatum

205 1609 265 1665 cap.
289 1599 324 1652 38
345 1590 480 1646 Varronis
508 1596 536 1644 et
555 1584 662 1660 Nigidii
692 1589 874 1659 auctoritates
905 1588 1107 1646 reconditioris

205 1676 349 1731 doctrinae
365 1691 444 1745 quern
466 1689 517 1745 pro
538 1673 648 1730 Isidoro
670 1689 734 1729 osse
755 1674 968 1742 demonstraret,
983 1673 1105 1742 deniquo

205 1759 240 1816 ad
256 1759 342 1831 prima
356 1757 456 1830 capito,
478 1773 547 1827 quae
564 1763 628 1812 sunt
643 1759 678 1814 dc
696 1758 795 1813 dicbus
810 1763 839 1812 et
852 1755 996 1812 mensibus
1013 1762 1041 1810 et
1055 1772 1107 1810 an.

204 1842 258 1913 nis,
275 1843 330 1899 duo
347 1841 474 1899 Suetonii
490 1841 605 1898 frustula
625 1848 736 1914 ρ.·303,
750 1846 784 1901 co
799 1847 827 1897 ot
844 1846 912 1910 306,
928 1845 961 1900 13
975 1838 1105 1912 proxime

204 1929 341 1984 accedere
356 1926 480 1984 doceret.
525 1924 581 1981 Nos
596 1932 697 1996 tamon,
712 1932 743 1979 nt
756 1924 785 1979 in
799 1941 831 1979 rc
845 1940 900 1980 non
917 1924 1000 1996 piane
1016 1930 1107 1993 certa,

203 2013 275 2067 intra
302 2009 474 2067 manifestam
499 2009 665 2080 nomineque
690 2008 792 2064 initam
818 2008 1010 2063 auctoritatem
1036 2022 1106 2062 oon-

202 2095 356 2150 sistendnm
372 2092 507 2147 duximus.
716 2125 719 2132 ·
969 2087 973 2162 f
1066 2144 1069 2149 ,

264 2174 366 2231 conati
384 2175 419 2230 ad
446 2192 472 2246 p.
499 2180 567 2243 304,
593 2181 627 2233 18
651 2175 765 2231 codices
784 2175 810 2230 Χ
831 2182 895 2230 sunt
915 2170 1106 2244 antiquissimi

205 2274 314 2327 omnes,
328 2257 501 2314 Basilienses
515 2262 583 2326 tres,
603 2254 802 2330 sennensesw)
819 2264 958 2329 quatuor,
972 2256 1107 2313 Bamber-

203 2356 306 2413 genses
318 2341 384 2410 duo,
398 2340 581 2395 Bruxeiianus
596 2356 677 2410 unas,
692 2358 808 2412 quorum
822 2342 918 2397 titulos
933 2340 1107 2412 scripturae-

203 2439 256 2497 que
271 2422 486 2494 discrepantiam
502 2424 645 2493 studiosus
663 2425 753 2480 tector
769 2425 841 2497 apud
853 2425 1008 2480 Beckernrn
1023 2423 1107 2478 inve-

255 2672 317 2736 '89)
329 2672 398 2721 Addi
414 2672 495 2737 potnit
509 2671 557 2723 hoc
572 2687 680 2736 quoque,
700 2674 780 2723 videri
797 2674 834 2722 iili
851 2672 1017 2722 versificatori
1027 2685 1105 2737 pras-

201 2750 240 2790 ter
253 2742 344 2789 librum
361 2740 393 2790 de
405 2740 500 2790 Natura
518 2757 602 2791 rerum
620 2742 653 2791 ad
670 2758 761 2792 manus
777 2740 858 2793 inisse
874 2755 976 2791 carmen
990 2739 1022 2789 de
1035 2739 1107 2787 Ven-

201 2811 234 2858 tis
264 2808 328 2872 (cir.
355 2808 441 2873 Meyer
464 2808 567 2862 Authol.
589 2824 632 2860 uo.
657 2810 732 2863 loco.
765 2808 922 2859 Wernsdort'
941 2811 958 2860 5
980 2824 1007 2873 p.
1030 2805 1107 2872 523)

203 2876 271 2939 qnod
287 2876 412 2927 Menelao
431 2878 462 2927 ab
474 2876 589 2943 Eugenio
602 2876 736 2939 Toletano,
755 2878 798 2940 qui
815 2892 838 2926 a.
857 2876 908 2929 657
924 2885 1039 2926 mortuus
1055 2882 1107 2938 est,

201 2945 372 3009 conscriptum
390 2947 525 3007 existimat,
542 2946 733 2996 Wernsdoriius
750 2946 789 2994 vel
803 2946 899 2995 Isidoro
918 2943 1046 3008 antiquius
1064 2946 1107 2993 in-

202 3013 277 3063 dicet.
314 3013 348 3061 At
365 3012 408 3062 iiie
422 3014 539 3063 carminis
558 3016 665 3079 scriptor
675 3014 794 3063 Suetonio
811 3013 881 3062 houd
896 3015 1044 3064 dubieusus
1056 3020 1107 3067 est.

202 3094 260 3130 cum
277 3082 326 3131 tria
343 3088 475 3131 ventorum
490 3086 592 3133 nomine
611 3082 707 3132 Graece
724 3082 800 3140 solus
812 3083 995 3142 subministret,
1013 3080 1045 3129 eb
1058 3081 1108 3129 Isi÷

195 3150 265 3199 'doro
283 3156 306 3197 et
323 3150 462 3199 recentiore
477 3152 648 3201 versificatore
666 3150 770 3211 omisso,
790 3164 806 3198 a
821 3148 967 3215 Tranquillo
985 3162 1109 3197 necessa-

202 3219 243 3269 rio
260 3218 351 3281 posita.
386 3216 449 3266 eum
463 3215 582 3269 Suetonio
601 3218 662 3269 iecit
676 3225 809 3268 ventorum
825 3226 880 3267 rote
897 3221 924 3267 in
943 3231 1033 3270 museo
1045 3216 1110 3265 Pio-

203 3285 359 3339 clementino
380 3299 527 3335 marmorea.

202 3422 227 3473 V
255 3350 319 3473 citit)
351 3352 420 3411 Quos
446 3356 532 3404 nostro
563 3354 647 3420 gretie
675 3352 786 3418 inspexit
812 3356 951 3406 ioannes
978 3350 1109 3401 Zdndei
