<?xml version="1.0" encoding="UTF-8"?>
<!DOCTYPE html PUBLIC "-//W3C//DTD XHTML 1.0 Transitional//EN"
    "http://www.w3.org/TR/xhtml1/DTD/xhtml1-transitional.dtd">
<html xmlns="http://www.w3.org/1999/xhtml" xml:lang="en" lang="en">
 <head>
  <title>
</title>
<meta http-equiv="Content-Type" content="text/html;charset=utf-8" />
  <meta name='ocr-system' content='tesseract 3.04.00' />
  <meta name='ocr-capabilities' content='ocr_page ocr_carea ocr_par ocr_line ocrx_word'/>
</head>
<body>
  <div class='ocr_page' id='page_1' title='image "./csuetonitranqui03rothgoog_0300.png"; bbox 0 0 2475 3775; ppageno 0'>
   <div class='ocr_carea' id='block_1_1' title="bbox 135 163 1065 233">
    <p class='ocr_par' dir='ltr' id='par_1_1' title="bbox 135 163 1065 233">
     <span class='ocr_line' id='line_1_1' title="bbox 135 163 1065 233; baseline -0.013 -7"><span class='ocrx_word' id='word_1_1' title='bbox 135 163 196 226; x_wconf 80' lang='lat' dir='ltr'><em>tta</em></span> <span class='ocrx_word' id='word_1_2' title='bbox 226 173 256 223; x_wconf 90' lang='lat' dir='ltr'><em>c.</em></span> <span class='ocrx_word' id='word_1_3' title='bbox 270 173 419 224; x_wconf 79' lang='lat' dir='ltr'><em>suarem</em></span> <span class='ocrx_word' id='word_1_4' title='bbox 437 171 562 233; x_wconf 72' lang='lat' dir='ltr'><em>ussup.</em></span> <span class='ocrx_word' id='word_1_5' title='bbox 577 171 626 220; x_wconf 84' lang='lat' dir='ltr'><em>uu</em></span> <span class='ocrx_word' id='word_1_6' title='bbox 640 171 724 220; x_wconf 80' lang='lat' dir='ltr'><em>vrrs</em></span> <span class='ocrx_word' id='word_1_7' title='bbox 739 169 922 218; x_wconf 79' lang='lat' dir='ltr'><em>caussuun</em></span> <span class='ocrx_word' id='word_1_8' title='bbox 937 169 1005 216; x_wconf 81' lang='lat' dir='ltr'><em>uua.</em></span> <span class='ocrx_word' id='word_1_9' title='bbox 1019 165 1065 214; x_wconf 87' lang='lat' dir='ltr'><em>vu.</em></span> 
     </span>
    </p>
   </div>
   <div class='ocr_carea' id='block_1_2' title="bbox 133 311 1228 575">
    <p class='ocr_par' dir='ltr' id='par_1_2' title="bbox 133 311 1228 575">
     <span class='ocr_line' id='line_1_2' title="bbox 133 311 1228 408; baseline -0.011 -16"><span class='ocrx_word' id='word_1_10' title='bbox 133 331 211 392; x_wconf 85' lang='lat' dir='ltr'><em>ullos</em></span> <span class='ocrx_word' id='word_1_11' title='bbox 225 329 365 392; x_wconf 83' lang='lat' dir='ltr'><em>leniorem</em></span> <span class='ocrx_word' id='word_1_12' title='bbox 381 345 465 408; x_wconf 77' lang='lat' dir='ltr'><em>quarn</em></span> <span class='ocrx_word' id='word_1_13' title='bbox 479 329 528 406; x_wconf 77' lang='lat' dir='ltr'><em>qui</em></span> <span class='ocrx_word' id='word_1_14' title='bbox 542 342 575 388; x_wconf 88' lang='lat' dir='ltr'><em>se</em></span> <span class='ocrx_word' id='word_1_15' title='bbox 590 327 675 389; x_wconf 85' lang='lat' dir='ltr'><em>dietis</em></span> <span class='ocrx_word' id='word_1_16' title='bbox 690 317 737 388; x_wconf 82' lang='lat' dir='ltr'><em>aut</em></span> <span class='ocrx_word' id='word_1_17' title='bbox 754 325 927 398; x_wconf 80' lang='lat' dir='ltr'>carminibus</span> <span class='ocrx_word' id='word_1_18' title='bbox 941 311 1132 384; x_wconf 81' lang='lat' dir='ltr'><em>lacessissent</em></span> <span class='ocrx_word' id='word_1_19' title='bbox 1227 343 1228 352; x_wconf 50' lang='lat'>¹</span> 
     </span>
     <span class='ocr_line' id='line_1_3' title="bbox 134 408 1130 490; baseline -0.009 -13"><span class='ocrx_word' id='word_1_20' title='bbox 134 417 274 482; x_wconf 75' lang='lat' dir='ltr'><strong>extitisse.</strong></span> <span class='ocrx_word' id='word_1_21' title='bbox 314 414 403 476; x_wconf 76' lang='lat' dir='ltr'><em>Multa</em></span> <span class='ocrx_word' id='word_1_22' title='bbox 427 412 540 475; x_wconf 79' lang='lat' dir='ltr'><em>Graece</em></span> <span class='ocrx_word' id='word_1_23' title='bbox 564 409 722 490; x_wconf 83' lang='lat' dir='ltr'><em>Latineque</em></span> <span class='ocrx_word' id='word_1_24' title='bbox 750 411 915 490; x_wconf 85' lang='lat' dir='ltr'><em>proscripta</em></span> <span class='ocrx_word' id='word_1_25' title='bbox 941 418 988 468; x_wconf 86' lang='lat' dir='ltr'><em>ant</em></span> <span class='ocrx_word' id='word_1_26' title='bbox 1013 408 1130 485; x_wconf 77' lang='lat' dir='ltr'><em>vulgata</em></span> 
     </span>
     <span class='ocr_line' id='line_1_4' title="bbox 134 499 787 575; baseline -0.009 -16"><span class='ocrx_word' id='word_1_27' title='bbox 134 509 214 575; x_wconf 88' lang='lat' dir='ltr'><em>suut,</em></span> <span class='ocrx_word' id='word_1_28' title='bbox 231 499 380 559; x_wconf 87' lang='lat' dir='ltr'><em>sicntilla:</em></span> <span class='ocrx_word' id='word_1_29' title='bbox 404 516 408 524; x_wconf 86' lang='grc'><em>’</em></span> <span class='ocrx_word' id='word_1_30' title='bbox 782 510 787 520; x_wconf 74' lang='grc'><strong>“</strong></span> 
     </span>
    </p>
   </div>
   <div class='ocr_carea' id='block_1_3' title="bbox 260 620 1209 854">
    <p class='ocr_par' dir='ltr' id='par_1_3' title="bbox 260 620 1209 854">
     <span class='ocr_line' id='line_1_5' title="bbox 261 620 987 712; baseline -0.004 -18"><span class='ocrx_word' id='word_1_31' title='bbox 261 629 367 710; x_wconf 83' lang='grc' dir='ltr'><strong><em>Νέρων</em></strong></span> <span class='ocrx_word' id='word_1_32' title='bbox 377 620 512 712; x_wconf 78' lang='grc' dir='ltr'><strong><em>Ὀρέστης</em></strong></span> <span class='ocrx_word' id='word_1_33' title='bbox 523 623 674 709; x_wconf 75' lang='grc' dir='ltr'><em>Ἀλκμέων</em></span> <span class='ocrx_word' id='word_1_34' title='bbox 689 623 892 710; x_wconf 72' lang='grc' dir='ltr'><strong><em>μητροκτόνος.</em></strong></span> <span class='ocrx_word' id='word_1_35' title='bbox 982 693 987 710; x_wconf 48' lang='grc' dir='ltr'><em>Ι</em></span> 
     </span>
     <span class='ocr_line' id='line_1_6' title="bbox 260 754 1209 854; baseline -0.004 -26"><span class='ocrx_word' id='word_1_36' title='bbox 260 759 443 842; x_wconf 81' lang='grc' dir='ltr'><strong><em>Νεόνυμφον</em></strong></span> <span class='ocrx_word' id='word_1_37' title='bbox 458 765 564 845; x_wconf 85' lang='grc' dir='ltr'><strong><em>Νέρων</em></strong></span> <span class='ocrx_word' id='word_1_38' title='bbox 578 765 657 825; x_wconf 80' lang='grc' dir='ltr'><strong><em>ἰδίαν</em></strong></span> <span class='ocrx_word' id='word_1_39' title='bbox 672 762 781 844; x_wconf 80' lang='grc' dir='ltr'><strong><em>μητέρα</em></strong></span> <span class='ocrx_word' id='word_1_40' title='bbox 796 754 956 854; x_wconf 69' lang='grc' dir='ltr'><strong><em>ἀπέκτεινε.</em></strong></span> <span class='ocrx_word' id='word_1_41' title='bbox 1099 760 1102 770; x_wconf 75' lang='grc'><strong>’</strong></span> <span class='ocrx_word' id='word_1_42' title='bbox 1138 785 1151 824; x_wconf 80' lang='lat' dir='ltr'><em>s</em></span> <span class='ocrx_word' id='word_1_43' title='bbox 1202 768 1209 773; x_wconf 77' lang='grc'><strong>“</strong></span> 
     </span>
    </p>
   </div>
   <div class='ocr_carea' id='block_1_4' title="bbox 217 896 983 1060">
    <p class='ocr_par' dir='ltr' id='par_1_4' title="bbox 217 896 983 1060">
     <span class='ocr_line' id='line_1_7' title="bbox 217 896 983 976; baseline -0.003 -15"><span class='ocrx_word' id='word_1_44' title='bbox 217 904 285 974; x_wconf 74' lang='lat' dir='ltr'><em>Quas</em></span> <span class='ocrx_word' id='word_1_45' title='bbox 300 896 382 976; x_wconf 74' lang='lat' dir='ltr'><em>repat</em></span> <span class='ocrx_word' id='word_1_46' title='bbox 395 903 505 960; x_wconf 78' lang='lat' dir='ltr'><em>Aeneae</em></span> <span class='ocrx_word' id='word_1_47' title='bbox 519 901 641 976; x_wconf 60' lang='lat' dir='ltr'><em>mopso!</em></span> <span class='ocrx_word' id='word_1_48' title='bbox 649 907 784 976; x_wconf 69' lang='lat' dir='ltr'><em>‘destirpe</em></span> <span class='ocrx_word' id='word_1_49' title='bbox 799 904 956 962; x_wconf 82' lang='lat' dir='ltr'><em>Neronem?</em></span> <span class='ocrx_word' id='word_1_50' title='bbox 980 963 983 970; x_wconf 66' lang='grc'>,</span> 
     </span>
     <span class='ocr_line' id='line_1_8' title="bbox 241 988 885 1060; baseline -0.003 -16"><span class='ocrx_word' id='word_1_51' title='bbox 241 1020 244 1027; x_wconf 88' lang='lat'>·</span> <span class='ocrx_word' id='word_1_52' title='bbox 259 988 375 1044; x_wconf 74' lang='lat' dir='ltr'><em>Sustulit</em></span> <span class='ocrx_word' id='word_1_53' title='bbox 386 988 431 1047; x_wconf 79' lang='lat' dir='ltr'><em>laic</em></span> <span class='ocrx_word' id='word_1_54' title='bbox 445 993 574 1054; x_wconf 66' lang='lat' dir='ltr'><em>matrem</em></span> <span class='ocrx_word' id='word_1_55' title='bbox 588 992 700 1049; x_wconf 84' lang='lat' dir='ltr'><em>sustulit</em></span> <span class='ocrx_word' id='word_1_56' title='bbox 710 991 755 1046; x_wconf 84' lang='lat' dir='ltr'><em>ille</em></span> <span class='ocrx_word' id='word_1_57' title='bbox 765 994 885 1060; x_wconf 86' lang='lat' dir='ltr'><em>patrem.</em></span> 
     </span>
    </p>
   </div>
   <div class='ocr_carea' id='block_1_5' title="bbox 215 1121 1010 1276">
    <p class='ocr_par' dir='ltr' id='par_1_5' title="bbox 215 1121 1010 1276">
     <span class='ocr_line' id='line_1_9' title="bbox 215 1121 1010 1192; baseline 0 -12"><span class='ocrx_word' id='word_1_58' title='bbox 215 1121 290 1180; x_wconf 77' lang='lat' dir='ltr'><em>nom</em></span> <span class='ocrx_word' id='word_1_59' title='bbox 305 1123 388 1177; x_wconf 76' lang='lat' dir='ltr'><em>madii</em></span> <span class='ocrx_word' id='word_1_60' title='bbox 401 1121 537 1178; x_wconf 78' lang='lat' dir='ltr'><em>citlraram</em></span> <span class='ocrx_word' id='word_1_61' title='bbox 554 1131 663 1192; x_wconf 71' lang='lat' dir='ltr'><em>nomer,</em></span> <span class='ocrx_word' id='word_1_62' title='bbox 678 1124 743 1179; x_wconf 83' lang='lat' dir='ltr'><em>dum</em></span> <span class='ocrx_word' id='word_1_63' title='bbox 758 1139 864 1180; x_wconf 86' lang='lat' dir='ltr'><em>caraea</em></span> <span class='ocrx_word' id='word_1_64' title='bbox 878 1122 1010 1192; x_wconf 69' lang='lat' dir='ltr'><em>Porticus,</em></span> 
     </span>
     <span class='ocr_line' id='line_1_10' title="bbox 257 1206 829 1276; baseline 0.002 -15"><span class='ocrx_word' id='word_1_65' title='bbox 257 1206 357 1262; x_wconf 87' lang='lat' dir='ltr'><em>Noster</em></span> <span class='ocrx_word' id='word_1_66' title='bbox 370 1209 423 1261; x_wconf 84' lang='lat' dir='ltr'><em>erit</em></span> <span class='ocrx_word' id='word_1_67' title='bbox 433 1206 546 1276; x_wconf 84' lang='lat' dir='ltr'><em>Paean,</em></span> <span class='ocrx_word' id='word_1_68' title='bbox 561 1209 606 1264; x_wconf 87' lang='lat' dir='ltr'><em>itte</em></span> <span class='ocrx_word' id='word_1_69' title='bbox 619 1207 829 1266; x_wconf 67' lang='lat' dir='ltr'><em>Hecatebeletes.</em></span> 
     </span>
    </p>
   </div>
   <div class='ocr_carea' id='block_1_6' title="bbox 216 1340 1162 1500">
    <p class='ocr_par' dir='ltr' id='par_1_6' title="bbox 216 1340 1162 1500">
     <span class='ocr_line' id='line_1_11' title="bbox 216 1340 1162 1416; baseline -0.001 -19"><span class='ocrx_word' id='word_1_70' title='bbox 216 1340 306 1396; x_wconf 77' lang='lat' dir='ltr'><em>Romo</em></span> <span class='ocrx_word' id='word_1_71' title='bbox 321 1341 416 1398; x_wconf 80' lang='lat' dir='ltr'><em>damus</em></span> <span class='ocrx_word' id='word_1_72' title='bbox 427 1343 487 1412; x_wconf 77' lang='lat' dir='ltr'><em>fiet:</em></span> <span class='ocrx_word' id='word_1_73' title='bbox 508 1342 588 1399; x_wconf 79' lang='lat' dir='ltr'><em>Veios</em></span> <span class='ocrx_word' id='word_1_74' title='bbox 601 1346 730 1416; x_wconf 83' lang='lat' dir='ltr'><em>miprote,</em></span> <span class='ocrx_word' id='word_1_75' title='bbox 746 1342 878 1412; x_wconf 82' lang='lat' dir='ltr'><em>Quirites,</em></span> <span class='ocrx_word' id='word_1_76' title='bbox 1139 1355 1162 1396; x_wconf 82' lang='lat' dir='ltr'><em>ta</em></span> 
     </span>
     <span class='ocr_line' id='line_1_12' title="bbox 258 1423 819 1500; baseline 0 -18"><span class='ocrx_word' id='word_1_77' title='bbox 258 1423 292 1482; x_wconf 85' lang='lat' dir='ltr'><em>Si</em></span> <span class='ocrx_word' id='word_1_78' title='bbox 305 1442 361 1482; x_wconf 80' lang='lat' dir='ltr'><em>rma</em></span> <span class='ocrx_word' id='word_1_79' title='bbox 375 1433 403 1482; x_wconf 89' lang='lat' dir='ltr'><em>et</em></span> <span class='ocrx_word' id='word_1_80' title='bbox 422 1425 501 1482; x_wconf 83' lang='lat' dir='ltr'><em>Veios</em></span> <span class='ocrx_word' id='word_1_81' title='bbox 515 1435 635 1500; x_wconf 82' lang='lat' dir='ltr'><em>occupat</em></span> <span class='ocrx_word' id='word_1_82' title='bbox 646 1431 698 1483; x_wconf 83' lang='lat' dir='ltr'><em>istu</em></span> <span class='ocrx_word' id='word_1_83' title='bbox 714 1429 819 1484; x_wconf 85' lang='lat' dir='ltr'><em>domus.</em></span> 
     </span>
    </p>
   </div>
   <div class='ocr_carea' id='block_1_7' title="bbox 36 1555 1230 3491">
    <p class='ocr_par' dir='ltr' id='par_1_7' title="bbox 36 1555 1229 1806">
     <span class='ocr_line' id='line_1_13' title="bbox 36 1555 1229 1639; baseline 0.004 -25"><span class='ocrx_word' id='word_1_84' title='bbox 36 1610 39 1614; x_wconf 84' lang='lat'>.</span> <span class='ocrx_word' id='word_1_85' title='bbox 133 1555 191 1617; x_wconf 85' lang='lat' dir='ltr'><em>Sed</em></span> <span class='ocrx_word' id='word_1_86' title='bbox 213 1573 308 1634; x_wconf 88' lang='lat' dir='ltr'><em>neque</em></span> <span class='ocrx_word' id='word_1_87' title='bbox 325 1564 460 1616; x_wconf 73' lang='lat' dir='ltr'><em>auctores</em></span> <span class='ocrx_word' id='word_1_88' title='bbox 478 1559 612 1636; x_wconf 77' lang='lat' dir='ltr'><em>requisiit</em></span> <span class='ocrx_word' id='word_1_89' title='bbox 632 1567 661 1618; x_wconf 92' lang='lat' dir='ltr'><em>et</em></span> <span class='ocrx_word' id='word_1_90' title='bbox 680 1557 820 1636; x_wconf 84' lang='lat' dir='ltr'><em>quosdam</em></span> <span class='ocrx_word' id='word_1_91' title='bbox 843 1577 896 1639; x_wconf 87' lang='lat' dir='ltr'><em>per</em></span> <span class='ocrx_word' id='word_1_92' title='bbox 914 1556 1038 1618; x_wconf 88' lang='lat' dir='ltr'><em>indicem</em></span> <span class='ocrx_word' id='word_1_93' title='bbox 1051 1555 1129 1618; x_wconf 84' lang='lat' dir='ltr'><em>dela·</em></span> <span class='ocrx_word' id='word_1_94' title='bbox 1228 1609 1229 1628; x_wconf 71' lang='lat'><em>,</em></span> 
     </span>
     <span class='ocr_line' id='line_1_14' title="bbox 132 1639 1129 1722; baseline -0.001 -21"><span class='ocrx_word' id='word_1_95' title='bbox 132 1650 179 1701; x_wconf 93' lang='lat' dir='ltr'><em>tos</em></span> <span class='ocrx_word' id='word_1_96' title='bbox 201 1639 236 1699; x_wconf 93' lang='lat' dir='ltr'><em>ad</em></span> <span class='ocrx_word' id='word_1_97' title='bbox 258 1649 387 1700; x_wconf 89' lang='lat' dir='ltr'><em>senatum</em></span> <span class='ocrx_word' id='word_1_98' title='bbox 408 1639 492 1699; x_wconf 87' lang='lat' dir='ltr'><em>adfici</em></span> <span class='ocrx_word' id='word_1_99' title='bbox 512 1644 651 1717; x_wconf 82' lang='lat' dir='ltr'><em>graviore</em></span> <span class='ocrx_word' id='word_1_100' title='bbox 671 1661 766 1721; x_wconf 89' lang='lat' dir='ltr'><em>poena</em></span> <span class='ocrx_word' id='word_1_101' title='bbox 784 1641 939 1722; x_wconf 87' lang='lat' dir='ltr'><em>prohibuit.</em></span> <span class='ocrx_word' id='word_1_102' title='bbox 968 1642 1129 1702; x_wconf 84' lang='lat' dir='ltr'><em>Transeun-</em></span> 
     </span>
     <span class='ocr_line' id='line_1_15' title="bbox 133 1721 1229 1806; baseline -0.001 -22"><span class='ocrx_word' id='word_1_103' title='bbox 133 1733 268 1784; x_wconf 79' lang='lat' dir='ltr'><em>tensum</em></span> <span class='ocrx_word' id='word_1_104' title='bbox 282 1721 409 1784; x_wconf 87' lang='lat' dir='ltr'><em>Isidorus</em></span> <span class='ocrx_word' id='word_1_105' title='bbox 425 1721 552 1800; x_wconf 78' lang='lat' dir='ltr'><em>Cynicus</em></span> <span class='ocrx_word' id='word_1_106' title='bbox 566 1728 595 1786; x_wconf 91' lang='lat' dir='ltr'><em>in</em></span> <span class='ocrx_word' id='word_1_107' title='bbox 610 1725 728 1806; x_wconf 88' lang='lat' dir='ltr'><em>publico</em></span> <span class='ocrx_word' id='word_1_108' title='bbox 751 1726 829 1790; x_wconf 85' lang='lat' dir='ltr'><em>clara</em></span> <span class='ocrx_word' id='word_1_109' title='bbox 846 1745 920 1788; x_wconf 86' lang='lat' dir='ltr'><em>voce</em></span> <span class='ocrx_word' id='word_1_110' title='bbox 936 1727 1130 1806; x_wconf 82' lang='lat' dir='ltr'><em>corripuerat,</em></span> <span class='ocrx_word' id='word_1_111' title='bbox 1228 1749 1229 1768; x_wconf 50' lang='grc' dir='ltr'><strong><em>ν</em></strong></span> 
     </span>
    </p>

    <p class='ocr_par' dir='ltr' id='par_1_8' title="bbox 37 1805 1230 2557">
     <span class='ocr_line' id='line_1_16' title="bbox 37 1805 1229 1891; baseline -0.001 -24"><span class='ocrx_word' id='word_1_112' title='bbox 37 1806 40 1813; x_wconf 93' lang='grc'><strong>’</strong></span> <span class='ocrx_word' id='word_1_113' title='bbox 132 1806 217 1891; x_wconf 80' lang='lat' dir='ltr'><em>pared</em></span> <span class='ocrx_word' id='word_1_114' title='bbox 230 1805 349 1886; x_wconf 82' lang='lat' dir='ltr'><em>Naupli</em></span> <span class='ocrx_word' id='word_1_115' title='bbox 365 1808 450 1870; x_wconf 88' lang='lat' dir='ltr'><em>mala</em></span> <span class='ocrx_word' id='word_1_116' title='bbox 466 1807 541 1870; x_wconf 83' lang='lat' dir='ltr'><em>deae</em></span> <span class='ocrx_word' id='word_1_117' title='bbox 556 1809 736 1888; x_wconf 75' lang='lat' dir='ltr'><em>cantitaret,</em></span> <span class='ocrx_word' id='word_1_118' title='bbox 753 1827 814 1872; x_wconf 84' lang='lat' dir='ltr'><em>sca</em></span> <span class='ocrx_word' id='word_1_119' title='bbox 830 1809 912 1872; x_wconf 80' lang='lat' dir='ltr'><em>darae</em></span> <span class='ocrx_word' id='word_1_120' title='bbox 926 1811 1007 1872; x_wconf 90' lang='lat' dir='ltr'><em>mole</em></span> <span class='ocrx_word' id='word_1_121' title='bbox 1022 1809 1127 1889; x_wconf 86' lang='lat' dir='ltr'><em>dispa-</em></span> <span class='ocrx_word' id='word_1_122' title='bbox 1142 1827 1164 1866; x_wconf 77' lang='lat' dir='ltr'><em>rs</em></span> <span class='ocrx_word' id='word_1_123' title='bbox 1226 1813 1229 1820; x_wconf 86' lang='grc'><strong>’</strong></span> 
     </span>
     <span class='ocr_line' id='line_1_17' title="bbox 131 1882 1230 1981; baseline 0.002 -27"><span class='ocrx_word' id='word_1_124' title='bbox 131 1898 239 1964; x_wconf 86' lang='lat' dir='ltr'><em>neret;</em></span> <span class='ocrx_word' id='word_1_125' title='bbox 256 1902 285 1953; x_wconf 88' lang='lat' dir='ltr'><em>et</em></span> <span class='ocrx_word' id='word_1_126' title='bbox 298 1892 389 1956; x_wconf 91' lang='lat' dir='ltr'><em>Datus</em></span> <span class='ocrx_word' id='word_1_127' title='bbox 401 1892 599 1959; x_wconf 79' lang='lat' dir='ltr'><em>Atellanarum</em></span> <span class='ocrx_word' id='word_1_128' title='bbox 609 1896 716 1961; x_wconf 84' lang='lat' dir='ltr'><em>histrio</em></span> <span class='ocrx_word' id='word_1_129' title='bbox 732 1896 761 1957; x_wconf 92' lang='lat' dir='ltr'><em>iu</em></span> <span class='ocrx_word' id='word_1_130' title='bbox 778 1898 890 1959; x_wconf 84' lang='lat' dir='ltr'><em>cantica</em></span> <span class='ocrx_word' id='word_1_131' title='bbox 909 1896 1031 1975; x_wconf 79' lang='lat' dir='ltr'><em>quodam</em></span> <span class='ocrx_word' id='word_1_132' title='bbox 1043 1882 1131 1976; x_wconf 73' lang='lat' dir='ltr'><em>‘ryt-</em></span> <span class='ocrx_word' id='word_1_133' title='bbox 1229 1902 1230 1981; x_wconf 63' lang='lat' dir='ltr'><em>i</em></span> 
     </span>
     <span class='ocr_line' id='line_1_18' title="bbox 132 1966 1132 2060; baseline 0.003 -22"><span class='ocrx_word' id='word_1_134' title='bbox 132 1996 205 2038; x_wconf 83' lang='lat' dir='ltr'><em>ecee</em></span> <span class='ocrx_word' id='word_1_135' title='bbox 222 1968 343 2058; x_wconf 79' lang='grc' dir='ltr'><em>πάτερ,</em></span> <span class='ocrx_word' id='word_1_136' title='bbox 365 1966 496 2058; x_wconf 78' lang='grc' dir='ltr'><strong><em>ὑγίαινε</em></strong></span> <span class='ocrx_word' id='word_1_137' title='bbox 511 1976 632 2060; x_wconf 68' lang='grc' dir='ltr'><strong><em>μῆτερ]</em></strong></span> <span class='ocrx_word' id='word_1_138' title='bbox 653 1982 691 2040; x_wconf 91' lang='lat' dir='ltr'><em>ita</em></span> <span class='ocrx_word' id='word_1_139' title='bbox 707 1980 971 2057; x_wconf 83' lang='lat' dir='ltr'><em>demonstraverat,</em></span> <span class='ocrx_word' id='word_1_140' title='bbox 985 1990 1017 2040; x_wconf 90' lang='lat' dir='ltr'><em>ut</em></span> <span class='ocrx_word' id='word_1_141' title='bbox 1029 1978 1132 2041; x_wconf 84' lang='lat' dir='ltr'><em>hiben-</em></span> 
     </span>
     <span class='ocr_line' id='line_1_19' title="bbox 131 2062 1131 2143; baseline 0.004 -22"><span class='ocrx_word' id='word_1_142' title='bbox 131 2070 190 2121; x_wconf 88' lang='lat' dir='ltr'><em>tem</em></span> <span class='ocrx_word' id='word_1_143' title='bbox 204 2070 406 2140; x_wconf 86' lang='lat' dir='ltr'><em>natantemque</em></span> <span class='ocrx_word' id='word_1_144' title='bbox 421 2063 551 2139; x_wconf 87' lang='lat' dir='ltr'><em>iaceret,</em></span> <span class='ocrx_word' id='word_1_145' title='bbox 569 2066 675 2124; x_wconf 82' lang='lat' dir='ltr'><em>exitum</em></span> <span class='ocrx_word' id='word_1_146' title='bbox 690 2065 803 2125; x_wconf 88' lang='lat' dir='ltr'><em>seilicet</em></span> <span class='ocrx_word' id='word_1_147' title='bbox 819 2062 919 2126; x_wconf 78' lang='lat' dir='ltr'><em>Claudi</em></span> <span class='ocrx_word' id='word_1_148' title='bbox 934 2064 1131 2143; x_wconf 82' lang='lat' dir='ltr'><em>Agrippinae-</em></span> 
     </span>
     <span class='ocr_line' id='line_1_20' title="bbox 133 2144 1134 2223; baseline 0.009 -24"><span class='ocrx_word' id='word_1_149' title='bbox 133 2160 189 2222; x_wconf 91' lang='lat' dir='ltr'><em>que</em></span> <span class='ocrx_word' id='word_1_150' title='bbox 204 2144 388 2223; x_wconf 84' lang='lat' dir='ltr'><em>significans,</em></span> <span class='ocrx_word' id='word_1_151' title='bbox 409 2154 438 2205; x_wconf 90' lang='lat' dir='ltr'><em>et</em></span> <span class='ocrx_word' id='word_1_152' title='bbox 459 2147 488 2208; x_wconf 92' lang='lat' dir='ltr'><em>iu</em></span> <span class='ocrx_word' id='word_1_153' title='bbox 509 2148 665 2209; x_wconf 81' lang='lat' dir='ltr'><em>novissima</em></span> <span class='ocrx_word' id='word_1_154' title='bbox 681 2148 809 2211; x_wconf 87' lang='lat' dir='ltr'><em>clausula</em></span> <span class='ocrx_word' id='word_1_155' title='bbox 827 2144 928 2211; x_wconf 77' lang='lat' dir='ltr'><em>Orcum</em></span> <span class='ocrx_word' id='word_1_156' title='bbox 942 2148 1033 2211; x_wconf 75' lang='lat' dir='ltr'><em>cotis</em></span> <span class='ocrx_word' id='word_1_157' title='bbox 1047 2148 1134 2210; x_wconf 81' lang='lat' dir='ltr'><em>decit</em></span> 
     </span>
     <span class='ocr_line' id='line_1_21' title="bbox 129 2223 1165 2313; baseline 0.009 -28"><span class='ocrx_word' id='word_1_158' title='bbox 129 2223 226 2305; x_wconf 85' lang='lat' dir='ltr'><em>pedes</em></span> <span class='ocrx_word' id='word_1_159' title='bbox 247 2236 377 2288; x_wconf 89' lang='lat' dir='ltr'><em>senatum</em></span> <span class='ocrx_word' id='word_1_160' title='bbox 397 2238 482 2304; x_wconf 80' lang='lat' dir='ltr'><em>gestu</em></span> <span class='ocrx_word' id='word_1_161' title='bbox 504 2241 626 2293; x_wconf 83' lang='lat' dir='ltr'><em>notarat.</em></span> <span class='ocrx_word' id='word_1_162' title='bbox 668 2230 844 2294; x_wconf 89' lang='lat' dir='ltr'><em>Histriouem</em></span> <span class='ocrx_word' id='word_1_163' title='bbox 870 2243 899 2293; x_wconf 88' lang='lat' dir='ltr'><em>et</em></span> <span class='ocrx_word' id='word_1_164' title='bbox 924 2233 1165 2313; x_wconf 73' lang='lat' dir='ltr'><em>philosophema</em></span> 
     </span>
     <span class='ocr_line' id='line_1_22' title="bbox 131 2308 1131 2396; baseline 0.008 -27"><span class='ocrx_word' id='word_1_165' title='bbox 131 2308 211 2369; x_wconf 89' lang='lat' dir='ltr'><em>Nero</em></span> <span class='ocrx_word' id='word_1_166' title='bbox 228 2308 298 2368; x_wconf 92' lang='lat' dir='ltr'><em>nihil</em></span> <span class='ocrx_word' id='word_1_167' title='bbox 316 2310 437 2390; x_wconf 90' lang='lat' dir='ltr'><em>amplius</em></span> <span class='ocrx_word' id='word_1_168' title='bbox 455 2330 539 2391; x_wconf 82' lang='lat' dir='ltr'><em>quarn</em></span> <span class='ocrx_word' id='word_1_169' title='bbox 558 2314 632 2375; x_wconf 86' lang='lat' dir='ltr'><em>urhe</em></span> <span class='ocrx_word' id='word_1_170' title='bbox 645 2314 785 2396; x_wconf 85' lang='lat' dir='ltr'><em>italiaque</em></span> <span class='ocrx_word' id='word_1_171' title='bbox 807 2320 972 2395; x_wconf 87' lang='lat' dir='ltr'><em>summovit,</em></span> <span class='ocrx_word' id='word_1_172' title='bbox 994 2317 1043 2377; x_wconf 89' lang='lat' dir='ltr'><em>vel</em></span> <span class='ocrx_word' id='word_1_173' title='bbox 1062 2334 1131 2377; x_wconf 84' lang='lat' dir='ltr'><em>con·</em></span> 
     </span>
     <span class='ocr_line' id='line_1_23' title="bbox 132 2394 1131 2473; baseline 0.007 -20"><span class='ocrx_word' id='word_1_174' title='bbox 132 2401 242 2473; x_wconf 86' lang='lat' dir='ltr'><em>tempto</em></span> <span class='ocrx_word' id='word_1_175' title='bbox 258 2394 350 2455; x_wconf 88' lang='lat' dir='ltr'><em>omnis</em></span> <span class='ocrx_word' id='word_1_176' title='bbox 370 2394 504 2458; x_wconf 82' lang='lat' dir='ltr'><em>infamiae</em></span> <span class='ocrx_word' id='word_1_177' title='bbox 524 2398 572 2458; x_wconf 89' lang='lat' dir='ltr'><em>vel</em></span> <span class='ocrx_word' id='word_1_178' title='bbox 589 2417 627 2460; x_wconf 89' lang='lat' dir='ltr'><em>ne</em></span> <span class='ocrx_word' id='word_1_179' title='bbox 642 2398 759 2460; x_wconf 86' lang='lat' dir='ltr'><em>fatendo</em></span> <span class='ocrx_word' id='word_1_180' title='bbox 784 2400 915 2463; x_wconf 89' lang='lat' dir='ltr'><em>dolorem</em></span> <span class='ocrx_word' id='word_1_181' title='bbox 940 2402 1068 2463; x_wconf 88' lang='lat' dir='ltr'><em>irritaret</em></span> <span class='ocrx_word' id='word_1_182' title='bbox 1089 2402 1131 2460; x_wconf 89' lang='lat' dir='ltr'><em>in·</em></span> 
     </span>
     <span class='ocr_line' id='line_1_24' title="bbox 132 2497 228 2557; baseline -0.021 -18"><span class='ocrx_word' id='word_1_183' title='bbox 132 2497 228 2557; x_wconf 84' lang='lat' dir='ltr'><em>genua.</em></span> 
     </span>
    </p>

    <p class='ocr_par' dir='ltr' id='par_1_9' title="bbox 91 2563 1230 3491">
     <span class='ocr_line' id='line_1_25' title="bbox 91 2563 1230 2649; baseline 0.005 -26"><span class='ocrx_word' id='word_1_184' title='bbox 91 2570 126 2623; x_wconf 81' lang='lat' dir='ltr'><em>to</em></span> <span class='ocrx_word' id='word_1_185' title='bbox 194 2563 293 2626; x_wconf 86' lang='lat' dir='ltr'><em>Talem</em></span> <span class='ocrx_word' id='word_1_186' title='bbox 310 2565 470 2646; x_wconf 87' lang='lat' dir='ltr'><em>principem</em></span> <span class='ocrx_word' id='word_1_187' title='bbox 486 2566 574 2647; x_wconf 88' lang='lat' dir='ltr'><em>paulo</em></span> <span class='ocrx_word' id='word_1_188' title='bbox 590 2570 681 2627; x_wconf 91' lang='lat' dir='ltr'><em>minus</em></span> <span class='ocrx_word' id='word_1_189' title='bbox 703 2570 931 2648; x_wconf 88' lang='lat' dir='ltr'><em>quattuordecim</em></span> <span class='ocrx_word' id='word_1_190' title='bbox 951 2588 1044 2631; x_wconf 82' lang='lat' dir='ltr'><em>anuos</em></span> <span class='ocrx_word' id='word_1_191' title='bbox 1065 2587 1130 2649; x_wconf 83' lang='lat' dir='ltr'><em>per·</em></span> <span class='ocrx_word' id='word_1_192' title='bbox 1229 2584 1230 2591; x_wconf 53' lang='lat'>¹</span> 
     </span>
     <span class='ocr_line' id='line_1_26' title="bbox 133 2649 1230 2755; baseline 0.005 -48"><span class='ocrx_word' id='word_1_193' title='bbox 133 2666 238 2725; x_wconf 90' lang='lat' dir='ltr'><em>pessus</em></span> <span class='ocrx_word' id='word_1_194' title='bbox 259 2658 400 2709; x_wconf 85' lang='lat' dir='ltr'><em>terrarum</em></span> <span class='ocrx_word' id='word_1_195' title='bbox 421 2649 500 2710; x_wconf 90' lang='lat' dir='ltr'><em>orhis</em></span> <span class='ocrx_word' id='word_1_196' title='bbox 521 2651 635 2711; x_wconf 87' lang='lat' dir='ltr'><em>tandem</em></span> <span class='ocrx_word' id='word_1_197' title='bbox 658 2652 799 2733; x_wconf 77' lang='lat' dir='ltr'><em>destituit,</em></span> <span class='ocrx_word' id='word_1_198' title='bbox 824 2652 1164 2717; x_wconf 61' lang='lat' dir='ltr'><em>initium&#39;facieutibusas</em></span> <span class='ocrx_word' id='word_1_199' title='bbox 1228 2686 1230 2755; x_wconf 48' lang='lat' dir='ltr'><em>p</em></span> 
     </span>
     <span class='ocr_line' id='line_1_27' title="bbox 133 2725 1131 2819; baseline 0.008 -31"><span class='ocrx_word' id='word_1_200' title='bbox 133 2730 222 2791; x_wconf 86' lang='lat' dir='ltr'><em>Gallis</em></span> <span class='ocrx_word' id='word_1_201' title='bbox 240 2732 313 2794; x_wconf 90' lang='lat' dir='ltr'><em>duce</em></span> <span class='ocrx_word' id='word_1_202' title='bbox 326 2732 399 2794; x_wconf 90' lang='lat' dir='ltr'><em>Iulia</em></span> <span class='ocrx_word' id='word_1_203' title='bbox 415 2725 550 2812; x_wconf 78' lang='lat' dir='ltr'><em>Vindice,</em></span> <span class='ocrx_word' id='word_1_204' title='bbox 565 2738 613 2815; x_wconf 77' lang='lat' dir='ltr'><em>qui</em></span> <span class='ocrx_word' id='word_1_205' title='bbox 631 2746 688 2798; x_wconf 90' lang='lat' dir='ltr'><em>tum</em></span> <span class='ocrx_word' id='word_1_206' title='bbox 705 2756 767 2799; x_wconf 89' lang='lat' dir='ltr'><em>eam</em></span> <span class='ocrx_word' id='word_1_207' title='bbox 778 2740 960 2819; x_wconf 79' lang='lat' dir='ltr'><em>provinciam</em></span> <span class='ocrx_word' id='word_1_208' title='bbox 976 2756 1030 2817; x_wconf 83' lang='lat' dir='ltr'><em>pro</em></span> <span class='ocrx_word' id='word_1_209' title='bbox 1046 2754 1131 2817; x_wconf 87' lang='lat' dir='ltr'><em>prae·</em></span> 
     </span>
     <span class='ocr_line' id='line_1_28' title="bbox 132 2815 897 2893; baseline 0.016 -23"><span class='ocrx_word' id='word_1_210' title='bbox 132 2822 197 2872; x_wconf 91' lang='lat' dir='ltr'><em>tore</em></span> <span class='ocrx_word' id='word_1_211' title='bbox 212 2815 369 2893; x_wconf 84' lang='lat' dir='ltr'><em>optinebat.</em></span> <span class='ocrx_word' id='word_1_212' title='bbox 893 2879 897 2889; x_wconf 74' lang='grc'><strong>,</strong></span> 
     </span>
     <span class='ocr_line' id='line_1_29' title="bbox 192 2895 1132 2985; baseline 0.007 -30"><span class='ocrx_word' id='word_1_213' title='bbox 192 2895 372 2960; x_wconf 81' lang='lat' dir='ltr'><em>Praedictum</em></span> <span class='ocrx_word' id='word_1_214' title='bbox 396 2920 413 2963; x_wconf 84' lang='lat' dir='ltr'><em>a</em></span> <span class='ocrx_word' id='word_1_215' title='bbox 437 2903 644 2967; x_wconf 86' lang='lat' dir='ltr'><em>mathematicis</em></span> <span class='ocrx_word' id='word_1_216' title='bbox 665 2904 776 2966; x_wconf 90' lang='lat' dir='ltr'><em>Neroni</em></span> <span class='ocrx_word' id='word_1_217' title='bbox 798 2908 865 2968; x_wconf 90' lang='lat' dir='ltr'><em>alim</em></span> <span class='ocrx_word' id='word_1_218' title='bbox 887 2916 964 2985; x_wconf 84' lang='lat' dir='ltr'><em>erat,</em></span> <span class='ocrx_word' id='word_1_219' title='bbox 991 2906 1075 2983; x_wconf 85' lang='lat' dir='ltr'><em>iore,</em></span> <span class='ocrx_word' id='word_1_220' title='bbox 1099 2912 1132 2963; x_wconf 91' lang='lat' dir='ltr'><em>ut</em></span> 
     </span>
     <span class='ocr_line' id='line_1_30' title="bbox 105 2978 1129 3058; baseline 0.005 -17"><span class='ocrx_word' id='word_1_221' title='bbox 105 2978 305 3058; x_wconf 51' lang='lat' dir='ltr'><em>,quaudoque</em></span> <span class='ocrx_word' id='word_1_222' title='bbox 332 2984 547 3058; x_wconf 85' lang='lat' dir='ltr'><em>destitueretur;</em></span> <span class='ocrx_word' id='word_1_223' title='bbox 576 2989 652 3050; x_wconf 90' lang='lat' dir='ltr'><em>unde</em></span> <span class='ocrx_word' id='word_1_224' title='bbox 678 2989 727 3050; x_wconf 93' lang='lat' dir='ltr'><em>illa</em></span> <span class='ocrx_word' id='word_1_225' title='bbox 754 3008 811 3051; x_wconf 83' lang='lat' dir='ltr'><em>vox</em></span> <span class='ocrx_word' id='word_1_226' title='bbox 837 2992 899 3051; x_wconf 90' lang='lat' dir='ltr'><em>eius</em></span> <span class='ocrx_word' id='word_1_227' title='bbox 922 2989 1129 3053; x_wconf 85' lang='lat' dir='ltr'><em>celeberrima:</em></span> 
     </span>
     <span class='ocr_line' id='line_1_31' title="bbox 139 3050 1230 3151; baseline 0.007 -30"><span class='ocrx_word' id='word_1_228' title='bbox 139 3050 183 3122; x_wconf 84' lang='grc' dir='ltr'><em>Τὸ</em></span> <span class='ocrx_word' id='word_1_229' title='bbox 195 3056 326 3141; x_wconf 81' lang='grc' dir='ltr'><strong><em>τέχνιον</em></strong></span> <span class='ocrx_word' id='word_1_230' title='bbox 341 3054 425 3147; x_wconf 78' lang='grc' dir='ltr'><strong><em>ἡμᾶς</em></strong></span> <span class='ocrx_word' id='word_1_231' title='bbox 439 3066 627 3151; x_wconf 70' lang='lat' dir='ltr'><em>siceotae,</em></span> <span class='ocrx_word' id='word_1_232' title='bbox 644 3090 701 3150; x_wconf 84' lang='lat' dir='ltr'><em>quo</em></span> <span class='ocrx_word' id='word_1_233' title='bbox 716 3076 824 3136; x_wconf 87' lang='lat' dir='ltr'><em>maiore</em></span> <span class='ocrx_word' id='word_1_234' title='bbox 843 3074 955 3135; x_wconf 85' lang='lat' dir='ltr'><em>scilicet</em></span> <span class='ocrx_word' id='word_1_235' title='bbox 971 3075 1056 3143; x_wconf 83' lang='lat' dir='ltr'><em>venia</em></span> <span class='ocrx_word' id='word_1_236' title='bbox 1071 3090 1130 3133; x_wconf 87' lang='lat' dir='ltr'><em>me·</em></span> <span class='ocrx_word' id='word_1_237' title='bbox 1140 3087 1165 3129; x_wconf 84' lang='lat' dir='ltr'><em>aa</em></span> <span class='ocrx_word' id='word_1_238' title='bbox 1229 3144 1230 3151; x_wconf 8' lang='grc' dir='ltr'>ἵ</span> 
     </span>
     <span class='ocr_line' id='line_1_32' title="bbox 135 3146 1230 3239; baseline 0.012 -34"><span class='ocrx_word' id='word_1_239' title='bbox 135 3146 271 3207; x_wconf 90' lang='lat' dir='ltr'><em>ditaretur</em></span> <span class='ocrx_word' id='word_1_240' title='bbox 287 3148 510 3214; x_wconf 87' lang='lat' dir='ltr'><em>citharoedicam</em></span> <span class='ocrx_word' id='word_1_241' title='bbox 525 3166 634 3233; x_wconf 86' lang='lat' dir='ltr'><em>artem,</em></span> <span class='ocrx_word' id='word_1_242' title='bbox 658 3157 781 3237; x_wconf 85' lang='lat' dir='ltr'><em>principi</em></span> <span class='ocrx_word' id='word_1_243' title='bbox 798 3158 852 3219; x_wconf 85' lang='lat' dir='ltr'><em>sibi</em></span> <span class='ocrx_word' id='word_1_244' title='bbox 869 3168 997 3236; x_wconf 62' lang='lat' dir='ltr'><em>matam,</em></span> <span class='ocrx_word' id='word_1_245' title='bbox 1016 3160 1132 3239; x_wconf 76' lang='lat' dir='ltr'><em>priuato</em></span> <span class='ocrx_word' id='word_1_246' title='bbox 1229 3156 1230 3169; x_wconf 60' lang='lat'>¹</span> 
     </span>
     <span class='ocr_line' id='line_1_33' title="bbox 134 3233 1132 3321; baseline 0.01 -32"><span class='ocrx_word' id='word_1_247' title='bbox 134 3233 336 3292; x_wconf 84' lang='lat' dir='ltr'><em>necessariam.</em></span> <span class='ocrx_word' id='word_1_248' title='bbox 365 3234 588 3313; x_wconf 82' lang='lat' dir='ltr'><em>spoponderant</em></span> <span class='ocrx_word' id='word_1_249' title='bbox 603 3249 698 3300; x_wconf 89' lang='lat' dir='ltr'><em>tamen</em></span> <span class='ocrx_word' id='word_1_250' title='bbox 718 3242 830 3321; x_wconf 85' lang='lat' dir='ltr'><em>quidam</em></span> <span class='ocrx_word' id='word_1_251' title='bbox 852 3241 988 3303; x_wconf 89' lang='lat' dir='ltr'><em>destituta</em></span> <span class='ocrx_word' id='word_1_252' title='bbox 1004 3242 1132 3303; x_wconf 85' lang='lat' dir='ltr'><em>Orientis</em></span> 
     </span>
     <span class='ocr_line' id='line_1_34' title="bbox 135 3314 1132 3403; baseline 0.015 -30"><span class='ocrx_word' id='word_1_253' title='bbox 135 3314 374 3393; x_wconf 88' lang='lat' dir='ltr'><em>dominationem,</em></span> <span class='ocrx_word' id='word_1_254' title='bbox 396 3320 522 3379; x_wconf 89' lang='lat' dir='ltr'><em>nonnulli</em></span> <span class='ocrx_word' id='word_1_255' title='bbox 542 3325 704 3385; x_wconf 89' lang='lat' dir='ltr'><em>nominatim</em></span> <span class='ocrx_word' id='word_1_256' title='bbox 717 3344 836 3403; x_wconf 84' lang='lat' dir='ltr'><em>regnum</em></span> <span class='ocrx_word' id='word_1_257' title='bbox 849 3325 1132 3402; x_wconf 76' lang='lat' dir='ltr'><em>Hierosolymorum,</em></span> 
     </span>
     <span class='ocr_line' id='line_1_35' title="bbox 135 3398 1132 3491; baseline 0.012 -33"><span class='ocrx_word' id='word_1_258' title='bbox 135 3398 236 3476; x_wconf 88' lang='lat' dir='ltr'><em>plures</em></span> <span class='ocrx_word' id='word_1_259' title='bbox 257 3400 349 3461; x_wconf 89' lang='lat' dir='ltr'><em>amnis</em></span> <span class='ocrx_word' id='word_1_260' title='bbox 369 3400 506 3478; x_wconf 89' lang='lat' dir='ltr'><em>pristinae</em></span> <span class='ocrx_word' id='word_1_261' title='bbox 519 3404 652 3468; x_wconf 79' lang='lat' dir='ltr'><em>iomuuae</em></span> <span class='ocrx_word' id='word_1_262' title='bbox 665 3412 884 3472; x_wconf 84' lang='lat' dir='ltr'><em>restitutionem.</em></span> <span class='ocrx_word' id='word_1_263' title='bbox 914 3409 966 3471; x_wconf 82' lang='lat' dir='ltr'><em>cni</em></span> <span class='ocrx_word' id='word_1_264' title='bbox 982 3412 1047 3491; x_wconf 85' lang='lat' dir='ltr'><em>spei</em></span> <span class='ocrx_word' id='word_1_265' title='bbox 1062 3427 1132 3489; x_wconf 72' lang='lat' dir='ltr'><em>pro</em></span> 
     </span>
    </p>
   </div>
   <div class='ocr_carea' id='block_1_8' title="bbox 0 0 1242 3775">
    <p class='ocr_par' dir='ltr' id='par_1_10' title="bbox 0 0 1242 3775">
     <span class='ocr_line' id='line_1_36' title="bbox 0 0 1242 3775; baseline 0 0"><span class='ocrx_word' id='word_1_266' title='bbox 0 0 1242 3775; x_wconf 95' lang='lat' dir='ltr'><em> </em></span> 
     </span>
    </p>
   </div>
   <div class='ocr_carea' id='block_1_9' title="bbox 194 3702 210 3733">
    <p class='ocr_par' dir='ltr' id='par_1_11' title="bbox 194 3702 210 3733">
     <span class='ocr_line' id='line_1_37' title="bbox 194 3702 210 3733; baseline 0 0"><span class='ocrx_word' id='word_1_267' title='bbox 194 3702 210 3733; x_wconf 61' lang='grc' dir='ltr'>λ</span> 
     </span>
    </p>
   </div>
  </div>
 </body>
</html>
