2475 3775
248 714 319 787 Ao
339 713 619 791 cuononem
640 701 943 793 rumulone.

529 906 676 915 ..--—-—-

181 1088 183 1091 v
225 996 397 1077 Suetouiana
409 1022 516 1091 studia,
532 1024 765 1095 splendidissimis
780 1024 847 1080 olim
860 1024 1046 1080 commendata

146 1104 303 1160 nominibus
316 1104 444 1161 Politiani
458 1104 564 1162 Erasini
580 1107 682 1179 lipsii,
698 1108 798 1163 deinde
811 1107 968 1164 casauboni
978 1107 1047 1163 Gro-

147 1186 292 1243 noviorum
314 1188 400 1259 patris
428 1194 455 1243 et
475 1190 525 1245 lilii
546 1183 659 1247 Graevii
683 1193 829 1247 Burmanni
856 1190 1047 1262 Oudendorpii

146 1270 257 1325 Ernesti
278 1270 421 1326 laboribus
438 1272 600 1343 nobilitata,
621 1281 717 1330 uestro
737 1276 851 1332 saeculo
865 1274 946 1332 valde
961 1273 1046 1329 relri-

147 1368 266 1423 gescare
287 1360 448 1425 coeperunt.
493 1354 559 1411 Nam
575 1357 621 1427 qui
637 1358 772 1429 proximis
787 1358 959 1430 temporibus
975 1356 1046 1411 Sue-

147 1437 225 1492 tonio
245 1436 353 1492 edendo
374 1444 480 1493 manum
502 1434 697 1510 admoverunt,
720 1430 877 1498 scholarum
896 1438 1046 1496 commodis

147 1521 294 1575 consulere
322 1521 391 1575 satis
414 1522 569 1578 babuerunt
596 1530 624 1577 ct
643 1524 705 1596 ipse
724 1524 883 1580 Fridericus
895 1523 1046 1593 Augustus

146 1603 241 1672 Wolf,
268 1604 390 1675 quamvis
415 1604 521 1661 criticis
547 1606 682 1663 subsidiis
710 1624 765 1664 non
788 1609 969 1676 deficeretur,
995 1606 1045 1661 do-

108 1690 111 1695 '
146 1692 252 1741 olorum
277 1688 415 1742 bominum
437 1689 640 1760 exspectationi
659 1689 747 1763 impar
766 1692 844 1747 visus
865 1696 918 1745 est.
961 1690 1045 1745 Prac-
1095 1731 1097 1736 .

91 1842 92 1849 ἵ
146 1775 224 1825 terea
245 1770 368 1825 nonnulli
386 1772 420 1825 de
436 1772 489 1827 lide
504 1788 594 1827 rerum
617 1790 632 1827 a
649 1774 810 1845 Tranquillo
827 1772 1044 1844 conscriptarum

146 1853 279 1909 laudabili
295 1854 387 1909 studio
404 1861 606 1925 exposuerunt;
621 1856 655 1910 da
671 1857 765 1913 verbis
777 1856 955 1910 emendandis
965 1854 1046 1910 libri-

147 1953 201 2008 que
217 1937 311 2008 specie
325 1937 455 1993 universa
471 1938 504 1992 ad
524 1938 669 2010 pristinam
685 1939 872 2008 iutegritatem
887 1936 1044 1992 revocanda

146 2021 236 2076 omnia
254 2021 314 2076 'acta
329 2036 393 2076 esse
408 2021 468 2076 uisa
485 2027 555 2076 sunt.
589 2021 685 2092 Neque
701 2020 729 2076 id
744 2037 858 2092 prorsus
876 2021 964 2085 lalso;
984 2036 1045 2075 nam

146 2105 180 2158 ab
197 2103 322 2174 egregiis
341 2104 400 2159 illis
416 2104 570 2160 editoribus
594 2111 648 2162 tam
671 2105 737 2160 libri
752 2110 863 2160 veteres
877 2114 976 2174 magno
995 2120 1045 2158 uu-
1069 2103 1080 2128 ⁰

136 2202 222 2241 ‚mero
238 2187 363 2256 inquisiti
387 2193 415 2242 et
436 2187 471 2242 ad
486 2189 706 2244 emendationem
727 2188 844 2244 adhibiti
864 2194 944 2257 suut,
966 2203 1045 2258 quam

146 2267 353 2325 emendationes
366 2270 529 2340 ingeniosae
541 2272 679 2343 corruptis
691 2272 763 2328 locis
774 2271 922 2339 inventae,
937 2277 967 2324 ut
978 2287 1045 2326 sanc

145 2353 193 2422 qui
204 2353 250 2406 vel
262 2369 389 2408 acervum
401 2353 496 2410 variae
507 2355 638 2410 lectionis
654 2371 758 2426 augere
770 2355 929 2410 elaboraret
939 2355 984 2408 val
995 2355 1045 2408 ba-

145 2436 273 2491 riolandc
290 2452 402 2506 operam
416 2436 509 2514 daret,
524 2453 691 2509 paucorum,
707 2439 781 2495 sicut
792 2437 923 2492 mea-ient
938 2436 1045 2508 opinio,

145 2519 262 2588 gratiam
280 2525 356 2574 asset
373 2526 581 2576 consecuturus.

207 2603 310 2657 Verum
326 2592 379 2658 boc
398 2603 516 2658 nondum
533 2603 601 2659 satis
623 2604 777 2674 perlectum
791 2619 854 2658 csse
869 2601 997 2669 videtur,
1016 2607 1046 2655 ut

146 2701 182 2739 ex
204 2685 311 2740 infinito
333 2685 465 2740 librorum
485 2685 597 2741 numero
618 2687 714 2758 optimi
737 2693 765 2740 et
787 2683 972 2754 antiquissimi
993 2683 1045 2738 eli-

146 2773 246 2838 gentur
260 2785 293 2824 ac
304 2775 439 2839 tamquam
452 2769 536 2824 duces
549 2769 606 2837 fidi,
624 2785 694 2840 quos
709 2782 841 2838 nusquam
855 2767 909 2822 nisi
924 2767 952 2821 in
964 2784 1046 2839 aper-

146 2857 190 2905 tos
214 2868 326 2908 errores
348 2851 496 2907 inciderint
515 2851 570 2922 ipsi
586 2852 719 2907 deserere
732 2851 833 2921 liceat,
851 2851 1044 2906 observentur.
1081 2878 1084 2883 ,

146 2934 238 2990 blultis
258 2935 286 2990 in
305 2935 405 3004 rebus,
425 2951 494 3006 quae
512 2935 636 2990 leviores
651 2935 795 3004 videntur,
815 2940 846 2989 ut
866 2939 909 2989 est
923 2934 1046 2989 vocabu·
1121 2959 1124 2965 ·
1200 2953 1203 2956 ’

146 3017 235 3072 lorunr
246 3013 397 3075 collocatio
410 3024 456 3074 aut
467 3017 608 3074 scribendi
621 3019 692 3073 ratio
705 3024 751 3074 aut
763 3018 881 3089 capitum
893 3016 1047 3088 distinctio,

146 3101 298 3156 editionum
313 3102 436 3182 priorum
451 3108 595 3168 curatores
610 3117 714 3157 rnorem
730 3101 816 3156 semel
831 3105 972 3172 receptum
986 3099 1060 3156 unl-¹

146 3189 294 3256 gatumque
311 3185 390 3256 sequi
407 3193 533 3256 qnam‘ex
547 3185 629 3240 libris
641 3185 782 3244 immutare
797 3184 958 3239 maluerunt.
992 3181 1055 3251 Sed,
1073 3227 1075 3230 .

146 3272 241 3324 nostra
259 3273 350 3324 aetate
370 3268 541 3324 intellectum
557 3274 616 3338 est,
636 3268 737 3324 nullam
752 3283 816 3343 esse
836 3267 971 3322 rationem
983 3265 1046 3323 ¹eul-

148 3357 230 3420 gatae
246 3351 377 3407 lectionis
392 3368 429 3418 ac
441 3367 475 3406 ne
486 3351 514 3406 iu
529 3351 647 3424 minimis
661 3352 771 3422 quidem
787 3351 871 3406 rebus
883 3349 1046 3414 babendum,

145 3433 201 3488 nisi
229 3435 392 3518 optimorum
418 3435 551 3490 librorum
575 3435 723 3491 accederet
750 3433 908 3490 auctoritas.
951 3431 1046 3498 ltaque
1084 3429 1090 3442 ’
