2475 3775
152 179 212 243 102
239 189 270 240 o.
282 187 431 243 sonuum
448 188 576 251 mesto.
590 187 640 238 on
654 188 737 238 vrrs
755 187 937 238 onesinum
950 188 1019 258 usn.
1032 187 1083 236 111.
1136 251 1140 254 ,

150 349 223 408 oienl
238 346 409 408 sacramenti
423 346 452 404 in
468 343 636 424 provincias
649 343 792 422 morioris
807 343 881 404 coeli
894 342 1053 419 distribuit,
1073 343 1136 404 reli

45 444 51 457 ⁸
150 448 223 510 qnos
237 432 332 508 gentis
347 428 475 490 eiusdem
486 428 535 490 vel
551 427 653 510 similia
668 436 814 490 sectantes
829 427 900 488 urbe
913 429 1072 503 summovit,
1087 427 1138 488 snb

148 531 245 594 poena
266 523 426 595 perpetuae
445 513 592 575 servitutis
610 513 666 573 nisi
688 512 948 592 obtemperassent.
976 511 1094 592 Expulit
1110 521 1139 572 et

45 649 58 681 ,ι
147 596 379 676 mathematicos,
402 597 454 658 sed
476 596 697 679 deprecantibus
712 615 747 658 ao
761 615 795 658 se
810 605 900 658 artem
912 596 1057 658 desituros
1072 613 1137 677 pro

147 682 323 743 mittentibus
337 684 450 763 venium
465 679 552 741 dedit.
985 671 989 690 ¹
1146 694 1159 733 s

106 779 139 834 37
210 765 245 827 In
256 767 355 846 primis
367 765 489 827 tuendae
502 766 583 844 pacis
593 782 616 825 a
624 767 797 842 grassaturis
808 781 843 825 oc
854 763 1012 826 latrociniis
1023 764 1137 826 seditio·

146 865 270 930 nomque
291 849 407 911 licentia
427 867 525 911 curam
540 849 647 911 habuit.
674 849 824 910 stationes
832 848 949 910 militnm
964 867 1017 928 per
1031 848 1138 910 ltaliam

146 934 233 995 solito
255 933 468 1014 frequentiores
483 933 633 1013 disposuit.
662 934 771 994 Romae
784 941 883 994 castra
898 933 1057 1010 constituit,
1078 933 1138 1012 qui·
1219 979 1221 984 .

145 1017 200 1080 bns
217 1019 419 1097 praetorianae
436 1016 590 1094 cohortes,
611 1035 707 1095 vagae
722 1025 788 1079 ante
806 1016 835 1078 id
849 1026 962 1098 tempus
976 1025 1005 1077 et
1020 1035 1074 1096 per
1087 1017 1137 1077 ho

145 1101 231 1180 spitia
246 1100 412 1180 dispersae,
427 1102 653 1176 continerentur.
1147 1113 1171 1154 10

190 1183 367 1265 ,Populares
392 1184 528 1253 tumultus
553 1193 583 1244 et
603 1190 685 1254 ortos
708 1186 879 1264 grauissime
902 1186 1032 1246 coercuit
1052 1193 1082 1245 et
1103 1201 1140 1244 ne

145 1277 297 1330 orerentur
315 1268 417 1329 sedulo
433 1269 517 1329 cavit.
549 1267 648 1330 (laede
662 1270 691 1330 in
706 1270 818 1331 theatro
835 1288 888 1351 per
904 1268 1077 1330 discordiam
1092 1268 1139 1329 ad·

142 1353 246 1430 missa,
267 1354 362 1432 capita
384 1353 539 1415 lactionum
554 1362 584 1414 et
598 1354 770 1432 histriones,
791 1359 913 1435 propter
930 1371 1003 1433 quos
1021 1351 1138 1413 disside-

144 1436 243 1513 batur,
257 1437 414 1516 relegavit,
427 1455 483 1496 nee
495 1446 526 1498 ut
539 1446 695 1498 revocaret
709 1455 840 1518 nmquam
851 1438 916 1499 ullis
931 1433 1035 1519 populi
1045 1437 1138 1518 preci·

143 1520 198 1582 bus
225 1523 318 1600 potuit
343 1522 449 1581 evinci.
491 1520 562 1583 Gom
588 1519 751 1583 Pollentina
775 1522 861 1603 plebs
884 1523 967 1583 iunns
994 1520 1171 1582 cuiusdamn

145 1603 329 1688 primipilaris
348 1623 407 1666 non
426 1605 508 1686 prins
522 1624 560 1666 ex
574 1605 641 1666 ioro
656 1607 800 1684 misisset,
823 1625 906 1686 quarn
924 1613 1036 1667 extorta
1052 1622 1139 1685 pecu·

144 1689 191 1748 nia
213 1700 268 1767 pe'r
286 1689 344 1750 vim
360 1687 517 1751 heredibus
537 1689 573 1750 ad
593 1689 794 1768 gladiatorium
807 1689 1088 1768 munus,·oobortem
1103 1688 1139 1750 ab

144 1770 216 1833 urbe
235 1781 265 1833 et
279 1772 362 1834 aliam
376 1792 393 1834 a
409 1773 486 1836 Cotti
502 1791 613 1852 reguo,
629 1774 803 1836 dissimulata
816 1774 925 1835 itineris
943 1791 1044 1849 cansa,
1060 1772 1139 1834 dete·

144 1857 198 1918 ctis
218 1867 339 1939 repente
354 1859 441 1940 armis
463 1859 738 1941 concinentibusque
755 1857 844 1937 signis
859 1877 913 1939 par
926 1857 1057 1922 diversas
1073 1875 1139 1939 por·

81 1966 84 1969 ⁴
143 1950 188 2001 tas
208 1941 237 2001 iu
257 1942 394 2022 oppidum
414 1945 542 2023 immisit,
564 1962 599 2005 ac
613 1952 725 2025 partem
739 1944 875 2004 maiorem
891 1942 989 2023 plebei
1004 1962 1039 2004 ao
1053 1943 1174 2003 decu-²·

142 2025 255 2086 rionum
274 2028 303 2086 in
320 2036 461 2106 perpetua
478 2028 592 2089 vincula
611 2028 729 2089 coiecit.
763 2026 903 2089 Abolevit
917 2030 1002 2088 etius
1017 2044 1140 2087 morem·

143 2125 199 2186 que
224 2108 383 2186 asylornm,
410 2128 489 2189 quae
508 2130 630 2193 nsquam·
653 2119 743 2172 eraut.
777 2110 931 2188 Cyzicenis
950 2110 979 2171 in
1003 2112 1083 2171 eires
1103 2110 1141 2171 R.

142 2191 297 2251 violentius
319 2194 459 2270 quaedam
483 2197 561 2256 ausis
586 2195 702 2276 publice
727 2192 889 2257 libertatem
902 2191 1030 2273 sedenis,
1056 2210 1141 2275 qnam

141 2272 334 2335 Mithridatico
348 2275 429 2337 bello
443 2287 615 2341 meruerant.
1221 2326 1222 2329 ,

204 2356 333 2419 Hostiles
352 2368 463 2439 motus,
485 2361 562 2423 nnlla
581 2370 683 2445 postea
703 2362 888 2443 expeditione
910 2372 1063 2443 suscepta,
1085 2380 1141 2443 per
1149 2372 1175 2413 ²⁵

141 2442 258 2520 legatos
284 2446 478 2524 compescuit,
503 2464 541 2506 ne
561 2463 615 2525 per
639 2464 693 2507 eos
713 2448 826 2527 quidem
846 2447 901 2508 uisi
923 2456 1091 2508 cunctanter
1112 2452 1142 2505 et

54 2608 58 2612 .
141 2528 320 2589 necessario.
356 2530 457 2607 Reges
483 2530 607 2591 infestos
633 2536 844 2611 suspectosque
871 2528 1143 2591 comminationibus

141 2612 233 2688 magis
248 2621 279 2673 et
291 2614 431 2692 querellis
445 2632 529 2695 quam
544 2616 571 2674 vi
584 2616 740 2696 repressit;
764 2614 902 2694 quosdam
917 2634 971 2695 per
986 2612 1142 2674 blanditias

141 2702 227 2771 atque
246 2700 389 2775 promissa
411 2708 559 2760 extractos
579 2699 614 2760 ad
634 2718 667 2760 se
686 2715 743 2760 nou
763 2701 885 2777 remisit,
906 2706 936 2759 ut
949 2696 1142 2759 hlarobodum

142 2774 322 2872 Germanum,
336 2782 544 2864 Rhascypolin
558 2783 715 2861 Thracem,
730 2783 905 2845 Archelaum
919 2781 1141 2863 Cappadocem,
1152 2788 1177 2830 ³⁰

142 2874 222 2918 eurus
236 2864 321 2923 etiam
336 2881 456 2943 reguum
470 2870 499 2928 iu
512 2869 633 2929 iorrnam
648 2868 816 2946 provinciae
831 2867 955 2945 redegit.

99 2955 134 3010 38
202 2940 484 3011 stenaro-contnuo
508 2960 577 3031 post
600 2950 734 3030 adeptum
758 2952 906 3031 imperium
929 2950 1034 3031 pedem
1054 2956 1144 3027 porta

140 3040 199 3083 non
215 3028 330 3098 extulit3
351 3035 484 3109 sequenti
500 3044 632 3115 ternpore
648 3043 849 3114 praeterquam
864 3038 893 3097 in
907 3036 1070 3115 propinqua
1087 3048 1143 3109 op·

140 3106 208 3185 pida
228 3118 273 3187 et,
297 3129 361 3172 enm
382 3114 567 3195 longissime,
592 3116 681 3177 Antio
695 3126 778 3178 tenus
793 3137 930 3199 nusquam
945 3118 1030 3195 aiuit,
1051 3115 1154 3195 ioque

140 3208 260 3268 perraro
282 3202 312 3254 et
326 3213 435 3273 paucos
449 3199 525 3270 dies;
549 3202 679 3280 quamvis
691 3203 857 3281 provincias
875 3220 994 3283 quoque
1010 3209 1039 3261 et
1053 3216 1143 3260 exer·
1153 3202 1177 3245 ³⁵

141 3274 214 3335 citus
232 3279 391 3339 renisurum
412 3299 446 3341 se
465 3300 555 3363 saepe
577 3288 791 3364 pronuntiasset
812 3296 841 3348 et
861 3290 956 3367 prope
972 3283 1145 3367 quotannis

140 3360 352 3455 profectionem
367 3376 566 3444 praepararet,
583 3358 725 3429 v'ehieulis
741 3370 976 3451 comprehensis,
994 3384 1144 3431 commea·
1219 3392 1220 3405 ¹

83 3460 87 3464 ·
139 3440 214 3503 tubus
231 3460 286 3525 per
298 3450 451 3529 municipia
470 3457 500 3509 et
515 3451 645 3513 colonias
660 3452 824 3536 dispositis,
839 3454 875 3517 ad
893 3464 1052 3519 extremum
1070 3462 1145 3517 vota
