2475 3775
512 147 686 195 onnes.
1046 136 1105 198 201

120 319 174 383 gur
186 302 360 384 procuranti,
369 318 434 379 cum
445 309 513 362 exta
524 300 561 361 de
571 300 702 362 manibus
713 302 809 380 aquila
818 303 963 382 rapuisset
974 312 1004 364 et
1015 304 1108 364 lniiu·

119 388 241 465 gilerarn
258 403 396 463 quercum
414 385 599 462 contulisset,
619 403 793 465 responsum
815 395 876 463 est,
899 403 1036 446 summum
1056 387 1109 448 sed

4 498 6 545 f
112 469 375 548 'serumimperiurn
392 467 524 547 portendi
541 468 683 539 familiam
706 478 735 529 et
751 471 801 530 ille
814 459 1049 546 irridensSuoc,
1067 473 1108 530 in-

3 553 13 619 ,”
120 556 190 634 quit,
201 571 270 615 casm
278 552 364 615 maia
371 553 537 631 pepererit.
575 553 653 614 Nilril
673 571 765 633 aeque
783 564 885 634 postea
898 552 1017 617 Galbam
1041 562 1110 614 tern-

97 647 246 717 aptantem
259 654 310 696 res
323 655 415 701 novas
427 637 605 709 confirmavit
615 655 700 715 quam
711 637 805 702 muriae
818 648 928 718 partus,
945 638 1111 716 ceterisque

119 731 150 782 ut
161 720 319 782 obscenum
331 730 473 781 ostentum
486 721 720 800 abhorrentibus,
733 715 814 783 solus
824 740 878 803 pro
891 723 1051 804 laetissimo
1064 729 1111 782 ao·

120 804 200 885 cepit
209 820 319 865 memor
331 805 466 883 sacmficii
477 804 603 885 dictique
614 809 672 873 avi.

186 889 305 967 Sumpta
316 888 391 948 virili
402 897 482 966 toga,
494 890 646 950 somniavit
657 889 811 950 Fortunam
824 889 976 968 dicentem,
989 898 1067 950 stare
1077 907 1112 958 se

118 982 186 1035 ante
195 971 277 1032 iores
289 970 442 1050 defessam,
459 981 488 1034 et
498 975 552 1034 nisi
563 975 646 1034 ocius
657 976 853 1052 reciperetur,
872 976 1042 1053 cuicumque
1060 973 1112 1034 ob·

73 1069 111 1112 ‘ro
122 1058 169 1117 rio
182 1055 307 1134 praedae
320 1056 450 1117 laturam.
484 1057 580 1137 thue
596 1057 764 1134 evigilavit,
782 1067 885 1136 aperto
906 1060 978 1119 atrio
998 1058 1111 1120 simula·

121 1156 200 1230 orqm
216 1157 338 1200 aeneum
355 1138 430 1205 deae
446 1139 563 1203 cubitali
577 1143 669 1202 maius
686 1143 763 1203 inrta
781 1142 868 1202 limen
885 1143 1009 1218 invenit,
1025 1141 1112 1220 idque

53 1250 56 1259 ·
121 1225 232 1302 gremio
247 1241 301 1283 sno
315 1223 486 1302 Tusculum,
504 1224 553 1284 ubi
575 1226 720 1286 aestivare
741 1235 907 1303 consuerat,
927 1227 1024 1288 avexit
1041 1235 1070 1285 et
1084 1217 1127 1284 in'

121 1317 205 1387 parte
223 1306 334 1368 aedium
354 1318 554 1369 consecratum
571 1310 727 1370 menstruis
745 1308 884 1388 deinceps
897 1309 1113 1386 supplicationi·

121 1388 387 1471 busetpervigilio
402 1393 728 1454 anniversariocoluit.·
1133 1368 1149 1402 N

84 1495 113 1536 ra
182 1476 359 1552 Quanquam
369 1484 463 1536 antem
477 1476 601 1537 nondam
612 1485 708 1539 aetate
721 1478 880 1554 constanti,
898 1485 1028 1536 veterem
1043 1475 1113 1535 civi·

86 1630 88 1633 ¹
121 1562 188 1620 tatis
206 1557 410 1637 exoletumque
429 1564 538 1621 morem
554 1580 590 1622 ac
607 1571 712 1622 tantum
732 1563 762 1620 in
780 1560 864 1622 domo
884 1578 935 1620 sua
947 1559 1114 1619 haerentem

122 1642 347 1704 obstinatissime
357 1643 487 1720 retinuit,
500 1653 531 1704 ut
547 1643 644 1706 liberti
660 1646 797 1724 servique
817 1645 861 1706 bis
880 1643 926 1704 die
944 1644 1115 1722 trequentes

96 1787 100 1794 ,
122 1727 259 1788 adessent
271 1743 306 1786 ac
315 1743 399 1786 mane
411 1727 537 1804 salvere,
548 1730 667 1808 vesperi
678 1729 777 1789 valere
789 1730 843 1790 sibi
857 1727 961 1804 singuli
974 1726 1112 1802 dicerent.

121 1810 201 1871 inter
217 1807 355 1870 liberales
371 1810 539 1890 disciplinas
557 1813 677 1873 attendit
693 1821 722 1872 et
737 1813 800 1872 iuri.
833 1811 920 1873 Dedit
932 1819 961 1870 et
971 1809 1142 1870 manino-5

82 1897 173 1955 2⁰nio
189 1910 325 1978 operam;
343 1911 458 1972 verum,
479 1897 584 1960 amissa
602 1914 695 1957 uxore
710 1896 820 1975 Lepida
837 1895 1007 1975 duobusque
1024 1913 1063 1953 er
1080 1912 1116 1953 ea

122 1979 203 2054 liliis,
222 1978 360 2039 remansit
374 1980 404 2038 iu
416 1979 574 2057 caelibatu,
587 1998 688 2059 neque
707 1980 856 2043 sollicitari
875 1980 933 2041 ulla
947 1977 1116 2038 condicione

123 2061 246 2140 amplius
259 2062 361 2140 potuit,
373 2080 410 2128 ne
423 2064 607 2143 Agrippinae
627 2062 755 2144 quidem,
769 2064 900 2127 viduatae
915 2072 1007 2125 morte
1018 2062 1116 2123 llonri·

121 2147 171 2222 tii,
194 2162 268 2224 quae
291 2147 421 2208 maritum
440 2164 557 2228 qnoque
579 2148 672 2209 adlruc
690 2147 813 2210 necdum
835 2147 977 2211 caelibem
998 2145 1116 2207 Galbam

124 2228 200 2291 adeo
220 2229 350 2291 omnibus
366 2231 575 2296 sollicitaverat
588 2233 698 2311 modis,
715 2242 745 2293 ut
762 2234 792 2295 in
814 2242 958 2295 conventu
975 2241 1115 2291 matrona·

84 2322 342 2457 mppmporrepta
366 2316 460 2393 iurgio
476 2326 563 2396 atque
584 2319 669 2379 etiam
693 2336 777 2379 manu
800 2318 912 2398 pulsata
931 2318 969 2376 sit
986 2333 1002 2376 a
1026 2323 1117 2374 matre

148 2414 196 2475 eps
217 2415 261 2458 ae.

191 2479 364 2542 Obseruauit
378 2492 443 2543 ante
458 2486 550 2543 omnis
566 2485 675 2548 liviam
690 2486 868 2563 Augustam,
888 2485 967 2544 curius
985 2489 1015 2541 et
1033 2483 1118 2539 vivae

126 2564 220 2642 gratia
239 2564 390 2643 plurimum
406 2567 495 2626 valuit
513 2576 542 2627 et
562 2579 693 2629 mortuae
709 2576 882 2629 testamento
900 2582 993 2645 paene
1014 2561 1119 2623 ditatus

127 2657 187 2717 est;
200 2649 365 2707 sestertium
376 2666 499 2725 namque
514 2650 697 2726 quingenties
711 2669 774 2711 cum
786 2650 974 2728 praecipuum
988 2647 1061 2707 inter
1076 2646 1118 2707 le·
1194 2701 1201 2713 ,

87 2732 257 2809 aogatmios
267 2729 425 2807 habuisset,
437 2732 504 2808 quia
515 2740 612 2792 notata
623 2750 681 2793 non
693 2734 856 2811 perscripta
867 2739 930 2793 erat
938 2748 1055 2807 summa,
1067 2728 1117 2791 he·

127 2815 199 2876 rede
212 2812 330 2873 'liberio
341 2813 467 2891 legatum
478 2813 514 2875 ad
526 2815 684 2893 quingenta
695 2826 864 2895 revocante,
876 2834 913 2876 nc
923 2814 996 2877 lraec
1005 2815 1119 2894 quidem

127 2897 253 2975 accepit.
881 2900 887 2908 “

192 2977 358 3040 Honoribus
383 2988 448 3041 ante
469 2981 628 3061 legitimum
651 2993 764 3063 tempus
790 2983 883 3062 initis,
903 2992 1020 3064 praetor
1043 2996 1148 3049 com-6

127 3064 268 3130 missione
284 3062 416 3125 indorum
431 3064 588 3127 Floralium
611 3086 717 3129 norum
744 3068 904 3147 spectaculi
921 3086 1032 3147 genus,
1059 3069 1119 3129 ole-

89 3168 120 3209 as
130 3148 255 3227 phantos
267 3147 465 3228 funambulos,
477 3150 578 3221 edidit;
598 3153 665 3213 exin
678 3154 845 3231 provinciae
860 3154 1031 3232 Aquitaniae
1046 3166 1120 3213 anno

129 3232 195 3293 iere
213 3222 355 3311 praeirim
377 3250 447 3293 mox
469 3234 649 3295 consulatum
671 3254 724 3315 per
744 3255 797 3296 sex
818 3255 933 3298 menses
950 3236 1121 3296 ordinarium

130 3319 237 3393 gessit)
248 3317 403 3396 evenitque
415 3325 446 3377 nt
456 3318 485 3377 in
496 3336 534 3379 eo
553 3318 617 3397 ipse
628 3319 658 3380 L.
668 3318 795 3401 Domitio
813 3322 887 3398 patri
903 3318 1046 3392 Neronis,
1065 3316 1122 3394 ipsi

131 3397 247 3459 Salvius
258 3396 333 3459 Otho
345 3411 430 3480 pater
448 3400 569 3463 Othonis
586 3402 769 3482 succederet,
781 3403 860 3465 velut
881 3400 1064 3481 praesagium
1080 3400 1121 3459 in·
1185 3422 1188 3431 ·
