2475 3775
32 217 39 223 ,
131 159 169 220 10
219 168 249 218 o.
268 165 418 216 sunnone
433 163 560 226 nunno.
575 163 720 214 numus
735 163 918 214 onnssuom
931 166 1001 215 uns.
1016 166 1040 216 1.

130 323 268 404 Campum
282 313 447 400 Stellatem,
468 313 624 382 maioribus
637 327 853 397 consecratum,
868 335 1027 400 agrumque
1040 320 1124 382 Cam

130 427 250 490 panum,
271 405 307 467 ad
322 405 449 466 subsidia
463 407 508 472 rei
522 403 656 484 publicae
670 402 844 480 vectiqalem
859 404 1008 482 relictum,
1028 405 1126 473 diuisit

131 501 212 554 extra
228 499 336 551 sortem
351 489 387 549 ad
400 489 501 564 uiginti
516 488 630 548 milibus
644 486 762 564 civium,
777 487 880 566 quibus
894 491 970 549 terni
985 489 1126 568 pluresue

130 577 215 638 liberi
236 582 342 636 essent.
385 571 558 632 Publicanos
580 571 778 632 remissionem
801 574 926 652 petentis
945 575 1029 634 tertia
1049 591 1124 634 mer·

131 661 232 737 cedum
253 665 336 738 parte
358 655 514 731 releuauit,
534 671 585 732 ac,
607 673 648 714 nc
664 655 693 714 iu
711 654 859 715 locatione
877 671 1018 716 novorum
1031 659 1152 717 vecti-s

130 745 236 822 galium
259 739 462 800 inmoderatius
483 738 654 816 licerentur,
669 737 833 818 propalam
854 741 973 800 monuit.
1016 738 1124 802 cetera
1206 788 1210 797 ,

130 829 214 904 item,
237 842 311 905 quae
337 822 440 901 cuique
454 821 629 900 libuissent,
651 821 801 900 dilargitus
820 830 883 900 est,
906 824 1124 887 contradicente

8 979 10 986 ,
62 958 64 964 s
129 911 224 988 nullo,
245 926 296 984 ac,
317 907 342 967 si
358 909 515 966 conaretur·
531 907 610 985 quis,
631 905 797 972 absterrito.
840 907 968 970 blarcum
983 906 1125 969 Catonem

130 993 361 1074 interpellantem
380 989 491 1050 extrahi
511 991 589 1051 curia
606 1007 661 1069 per
676 990 809 1050 lictorem
829 990 954 1070 ducique
974 991 1004 1052 iu
1024 1010 1123 1052 carce

39 1116 42 1123 =
129 1098 192 1141 rem
209 1075 300 1137 iussit.
342 1073 430 1134 Lucio
448 1073 567 1136 Lucullo
584 1073 704 1134 liberius
722 1075 870 1135 resistenti
892 1084 999 1144 tantum
1017 1075 1124 1136 calum·
1135 1095 1161 1136 ao

130 1165 238 1225 uiarum
251 1166 356 1219 metum
372 1158 484 1236 iniecit,
504 1168 535 1218 ut
556 1157 593 1219 ad
606 1176 702 1244 genua
721 1158 797 1218 ultro
807 1158 871 1218 >sibi
890 1159 1047 1220 accideret.
1077 1158 1124 1220 Ci-

132 1262 237 1308 cerone
257 1243 287 1302 iu
301 1241 406 1302 iudicio
428 1241 550 1321 quodam
565 1241 736 1321 deplorante
755 1250 916 1322 temporum
935 1253 1053 1320 statum,
1070 1243 1124 1303 Pu·

81 1329 86 1336 “
131 1329 219 1390 blium
236 1324 365 1387 Clodium
382 1325 617 1404 inimicumeius,
637 1326 744 1387 irustra
758 1326 814 1388 iam
826 1327 940 1405 pridem
962 1327 1126 1407 epatribus

132 1413 168 1474 ad
183 1410 297 1491 plebem
311 1409 433 1470 transire
448 1410 598 1488 nitentem,
616 1409 720 1470 eodem
732 1408 781 1470 die
795 1409 925 1488 horaque
941 1429 1016 1472 nona
1032 1420 1124 1472 mans·

133 1497 219 1557 duxit.
262 1494 412 1555 Postremo
431 1493 460 1553 in
480 1495 631 1554 uniuersos
653 1493 787 1554 diuersae
808 1494 1161 1561 lectionis***indu·1e

36 1593 39 1604 ¹
133 1590 207 1641 otum
228 1577 375 1658 praemiis,
401 1585 431 1638 ut
450 1595 484 1637 se
503 1577 540 1638 de
559 1576 711 1638 inferenda
729 1576 869 1657 Pompeio
890 1594 963 1639 nece
984 1578 1124 1646 sollicita·

131 1674 221 1724 tum'a
237 1659 403 1740 quibusdam
423 1661 624 1740 profiteretur,
645 1659 859 1741 productusque
882 1663 1056 1741 prorostris
1075 1672 1124 1721 au·

131 1756 229 1808 ctores
244 1761 282 1806 ex
299 1752 442 1824 conpacto
462 1744 635 1815 nominaret;
657 1744 710 1804 sed
729 1762 786 1804 uuo
806 1753 892 1824 atque
907 1745 1000 1806 altero
1017 1746 1125 1805 frustra

132 1849 187 1893 uec
208 1831 269 1892 sine
290 1829 457 1907 suspicione
478 1827 587 1891 fraudis
603 1829 770 1907 nominatis,
792 1827 951 1909 desperans
967 1837 1025 1890 tam
1039 1846 1123 1908 prae·
1230 1862 1231 1865 =

134 1916 227 1996 cipitia
242 1914 356 1975 consilii
367 1922 509 1990 eventum,
522 1914 713 1993 intercepisse
727 1930 841 1979 veneno
851 1912 974 1973 indicem
988 1913 1123 1975 creditur.
1133 1932 1162 1973 eo

92 2011 125 2064 21
195 1998 253 2060 Sub
268 1998 344 2057 idem
358 2006 470 2077 tempus
483 1996 680 2077 Calpurniam,
694 1997 726 2057 L.
738 1996 851 2058 Pisonis
865 1996 951 2057 dliam
962 1997 1126 2059 successuri

34 2129 38 2142 ,
133 2082 188 2143 sibi
206 2083 235 2141 iu
259 2080 425 2157 consulatu,
451 2080 531 2139 duxit
548 2098 686 2156 uxorem,
713 2097 866 2159 suamque,
887 2080 1001 2158 Iuliam,
1024 2081 1125 2143 Gnaeo

133 2165 272 2245 Pompeio
288 2163 471 2239 conlocavit,
493 2164 644 2243 repudiato
665 2164 764 2242 priore
783 2174 892 2243 sponso
908 2165 1033 2225 Servilio
1051 2163 1137 2225 cle--

133 2249 234 2329 plone,
257 2246 336 2306 cuius
359 2245 406 2305 vel
421 2246 579 2325 praecipua
598 2264 689 2325 opera
705 2248 793 2326 paulo
812 2256 879 2307 ante
892 2247 1024 2311 Bibulum
1041 2248 1125 2327 iupu-

132 2338 281 2409 gnaverat.
324 2330 370 2389 Ac
394 2338 461 2409 post
486 2347 589 2390 novam
614 2330 786 2392 adfinitatem
809 2330 977 2411 'Pompeium
1004 2332 1163 2412 primamne

83 2468 87 2475 .
132 2414 240 2493 rogare
259 2413 429 2473 sententiam
453 2414 565 2493 coepit,
592 2432 656 2473 cum
676 2413 811 2475 Crassum
836 2416 960 2493 soleret,
986 2424 1126 2493 essetque

134 2496 328 2574 consuetudo,
346 2504 377 2555 ut
395 2512 481 2576 quem
496 2496 625 2558 ordinem
640 2498 836 2577 interrogandi
851 2499 1007 2560 sententias
1022 2498 1126 2561 consul

133 2582 197 2644 llal.
211 2580 350 2643 Ianuariis
362 2580 547 2659 instituisset,
563 2595 628 2641 eum
643 2590 705 2642 toto
720 2600 795 2643 anuo
810 2591 1006 2643 conservaret.
1127 2645 1129 2654 .

92 2676 127 2729 22
151 2737 156 2743 .
197 2667 308 2727 Socero
328 2665 415 2743 igitur
439 2681 609 2745 generoque
631 2665 868 2743 suffragantibus,
892 2666 1033 2728 exomni
1057 2683 1126 2745 pro·

133 2749 291 2809 vinciacum
306 2751 391 2828 copia
403 2747 510 2809 Gallias
522 2750 699 2829 potissimum
714 2750 819 2827 elegit,
836 2751 917 2810 cuins
931 2750 1126 2811 emolumento
1135 2766 1164 2809 eo

134 2840 164 2891 et
185 2833 398 2909 opportunitate
420 2832 525 2893 idonea
545 2834 583 2893 sit
597 2834 715 2895 materia
734 2832 949 2912 triumpbomm.
991 2833 1029 2893 Et
1044 2833 1126 2893 initio

135 2912 248 2993 quidem
269 2909 388 2975 Galliam
409 2913 608 2995 Cisalpinam,
624 2916 743 2991 Illyrico
766 2916 899 2995 adiecto,
922 2916 1127 2994 lege-Vatinia

134 2997 264 3075 accepit;
278 3014 347 3057 mox
363 3016 416 3075 per
430 3009 558 3060 senatum
569 3000 716 3061 Comatam
733 3018 866 3079 qnoque,
881 3002 982 3061 merids
996 2998 1127 3080 patribus
1202 3049 1210 3057 .

69 3151 73 3159 ,
133 3099 185 3158 ue,
206 3080 232 3159 si
252 3080 309 3158 ipsi
324 3091 494 3159 negassent,
518 3083 645 3162 populus
665 3092 695 3143 et
714 3082 788 3144 banc
803 3084 894 3145 daret.
937 3086 1003 3160 Quo
1018 3082 1127 3161 gaudio

135 3165 226 3228 elutus
241 3180 298 3223 uon
313 3167 497 3242 temperavit,
519 3168 586 3245 quin
601 3184 711 3245 paucos
726 3176 793 3245 post
807 3168 870 3228 dies
885 3168 1030 3247 frequenti
1045 3167 1126 3227 curia
1136 3184 1168 3227 ss

134 3249 270 3323 iactaret,
300 3246 403 3307 docilia
431 3254 460 3307 ct
485 3250 672 3327 paroentibus
701 3245 885 3325 adversaria
919 3251 1063 3329 adeptum
1092 3267 1129 3310 se

135 3349 226 3411 quoe·
244 3330 455 3409 concupisset,
480 3332 611 3410 proinde
634 3350 674 3391 ec
698 3350 734 3393 eo
754 3334 970 3396 mandaturum
995 3332 1128 3395 ommam

136 3412 311 3494 copitidos;
335 3431 370 3474 ac
389 3424 514 3494 negante
536 3414 657 3492 quodam
674 3433 728 3494 per
747 3417 947 3477 contumeliam
960 3418 1048 3489 tacite
1068 3415 1128 3477 boc
