2475 3775
2105 153 2226 214 177

151 362 156 367 .
232 316 464 397 praeter
494 316 784 392 legumina
814 323 909 374 aut
937 314 1139 375 holera
1239 363 1243 367 .
1652 324 1815 377 antea
1857 318 2069 379 nullum
2109 337 2226 383 non

233 399 458 461 obsonii
490 417 676 476 genus
707 407 1163 479 proponeretur;
1199 403 1375 459 asilus.
1428 399 1730 476 suppliciis
1763 399 2089 480 Christiani,
2121 422 2223 480 ge-

231 503 336 547 nus
366 483 654 544 hominum
684 483 1113 577 superstitionis
1135 499 1325 543 novae
1357 501 1428 543 ac
1445 482 1775 564 maleficae;
1808 486 1969 548 vetiti
1999 487 2222 566 quadri-

231 568 523 646 gariorum
549 566 731 644 lusus,
764 565 976 647 quibus
998 568 1316 628 inveterata
1347 567 1581 628 licentia
1629 570 1844 648 passim
1883 568 2224 646 vagantibus

186 652 436 713 sfallere
469 669 540 712 ac
566 651 745 712 furari
784 669 892 731 per
939 650 1130 712 iocum
1171 652 1262 711 ius
1305 661 1458 721 erat;
1503 651 1980 729 pantomimorum
2017 654 2222 714 factio-

230 755 335 797 nes
367 755 495 796 cum
520 737 663 815 ipsis
703 735 869 795 simul
912 735 1243 813 relegatam
1289 735 1569 795 adversus
1609 736 1881 797 falsarios
1923 747 2058 797 tunc
2104 739 2219 817 pri·
2241 752 2305 807 17

228 838 379 881 mum
436 830 762 899 repertum,
804 838 879 880 ne
916 819 1161 879 ‘tabulae
1214 820 1324 878 nisi
1383 828 1656 898 pertusae
1701 838 1771 881 ac
1815 830 1906 881 ter
1949 822 2066 882 lino
2116 840 2223 901 per
2284 834 2289 843 ’

228 905 513 965 foramina
543 905 788 965 traiecto
825 902 1300 982 obsignarentur;
1350 913 1575 964 cautum
1615 912 1674 964 ut
1715 896 2072 966 te‘stamentis
2109 907 2223 984 pri-

229 1007 355 1049 mae
390 987 537 1048 duae
567 992 764 1064 cerae,
797 996 1138 1049 testatorum
1166 987 1340 1047 modo
1361 989 1602 1059 nominc,
1639 990 1920 1069 inscripto
1938 1036 1957 1067 ,
2004 1002 2224 1051 vacuae

162 1092 215 1133 ιο
231 1073 542 1151 signaturis
574 1071 1038 1150 ostenderentur,
1066 1090 1137 1132 ac
1167 1090 1242 1131 ne
1272 1073 1368 1151 qui
1400 1073 1572 1132 alieni
1606 1076 1930 1135 testamenti
1972 1076 2226 1153 scriptor

230 1157 483 1233 legatum
528 1155 641 1217 sibi
680 1155 1029 1226 ascriberet;
1074 1157 1211 1216 item
1255 1165 1315 1215 ut
1363 1156 1688 1232 litigatores
1731 1176 1838 1236 pro
1890 1160 2228 1237 patrociniis
2278 1216 2282 1220 .

234 1250 449 1301 certam
489 1243 815 1318 iustamque
854 1239 1216 1316 mercedem,
1263 1256 1370 1317 pro
1401 1238 1688 1321 ,subsellis
1735 1241 1946 1301 nullam
1996 1243 2225 1312 omnino
2255 1309 2273 1320 ,Δ

231 1325 452 1401 darent,
487 1322 806 1403 praebente
837 1326 1062 1408 aeg-‘ario
1090 1324 1366 1401 gratuita;
1400 1331 1577 1400 utque
1599 1341 1790 1384 rerum
1811 1334 1943 1386 actu
1969 1326 2041 1386 ab
2067 1343 2224 1386 aera-

230 1410 319 1468 rio
358 1426 570 1469 causae
612 1406 685 1468 ad
728 1408 915 1467 forum
956 1426 1026 1469 ac
1070 1408 1504 1486 reciperatores
1544 1407 2020 1486 transferrentur,
2065 1417 2124 1468 et
2165 1418 2227 1468 ut

161 1509 214 1551 15
235 1510 435 1554 omnes
466 1491 899 1571 appellationes
928 1511 960 1552 a
994 1490 1277 1555 iudicibus
1308 1490 1380 1552 ad
1409 1486 1668 1551 senatum
1702 1493 1928 1552 fierent.

358 1576 628 1654 Augendi
656 1574 1135 1655 propagandique
1169 1576 1394 1653 imperii
1422 1593 1609 1653 neque
1638 1576 1938 1636 voluntate
1970 1575 2086 1637 ulla
2126 1594 2223 1636 ne·
2243 1586 2311 1641 18

232 1669 345 1740 que
379 1679 487 1739 spe
518 1670 710 1720 motus
741 1678 1026 1738 umquam,
1069 1660 1237 1720 etiam
1281 1677 1356 1719 ex
1393 1657 1682 1720 Britannia
1723 1658 2012 1720 deducere
2057 1678 2223 1720 exer-

234 1747 405 1805 citum
437 1746 738 1820 cogitavit,
770 1761 881 1803 nec
911 1744 1019 1804 nisi
1052 1742 1440 1818 verecundia,
1484 1760 1558 1801 ne
1601 1742 1934 1804 obtrectare
1969 1746 2226 1822 parentis

232 1829 462 1908 gloriae
493 1823 809 1903 videretur,
843 1827 1078 1889 destitit.
1166 1826 1332 1889 Ponti
1360 1826 1533 1886 modo
1573 1845 1817 1905 regnum
1867 1826 2226 1889 concedente

161 1924 216 1965 2⁰
235 1913 759 1989 Polemone,.item
792 1911 1028 1991 Alpium
1070 1911 1345 1972 defuncto
1383 1910 1580 1971 Cottio
1625 1912 1682 1971 in
1723 1913 2061 1991 provinciae
2109 1911 2226 1972 for-

175 2049 186 2065 s
229 2015 377 2059 mam
404 1996 655 2073 redegit.
1234 2064 1241 2073 ,

358 2081 872 2157 Peregrinationes
898 2078 1041 2141 duas
1084 2080 1315 2140 omnino
1359 2080 1637 2157 suscepit,
1683 2077 2131 2140 Alexandrinam
2172 2086 2230 2140 et
2245 2091 2313 2147 19

232 2164 577 2233 Achaicam
641 2165 745 2225 sed
796 2163 1189 2225 Alexandrina
1245 2164 1375 2242 ipso
1417 2163 1800 2242 profectionis
1847 2163 1938 2225 die
1989 2162 2228 2239 destitit,

230 2248 494 2311 turbatus
535 2248 823 2325 religione
866 2248 1032 2312 simul
1076 2265 1147 2308 ac
1193 2246 1479 2326 periculo.
1564 2246 1709 2309 Nam
1753 2264 1881 2307 cum
1920 2247 2229 2308 circumitis

160 2354 216 2395 25
234 2331 469 2411 templis
498 2334 554 2391 in
587 2332 733 2393 aede
762 2333 982 2395 Vestae
1017 2329 1359 2408 resedisset,
1390 2333 1762 2409 consurgenti
1792 2332 1848 2391 ei
1876 2334 2118 2411 primum
2145 2330 2228 2390 la-

237 2418 389 2480 cinia
418 2414 711 2494 obhaesit,
760 2416 969 2478 deinde
999 2425 1155 2477 tanta
1185 2415 1395 2476 oborta
1436 2416 1628 2493 caligo
1673 2424 1794 2492 est,
1817 2424 1897 2478 -ut
1936 2415 2230 2493 dispicere

232 2518 355 2561 non
384 2509 602 2579 posset.
687 2499 754 2561 In
784 2499 1008 2560 Achaia
1034 2499 1306 2559 Isthmum
1339 2493 2016 2580 perfodere'adgressus,
2060 2485 2228 2576 pi'ae·

235 2584 495 2645 torianos
540 2602 648 2662 pro
695 2586 965 2643 contione
1008 2582 1080 2643 ad
1122 2582 1504 2642 inchoandum
1550 2599 1698 2660 opus
1741 2580 2076 2639 cohortatus
2122 2586 2230 2654 est,

236 2667 492 2746 tubaque
522 2670 690 2745 signo
726 2666 860 2727 dato
893 2667 1109 2744 primus
1142 2664 1383 2724 rastello
1403 2664 1629 2723 humum
1651 2663 1851 2723 effodit
1873 2671 1931 2723 et
1954 2661 2232 2723 corbulae

166 2773 218 2814 30
241 2758 582 2828 congestam
612 2750 827 2810 umeris
859 2747 1083 2808 extulit.
1168 2747 1416 2811 Parabat
1445 2756 1504 2808 et
1535 2746 1606 2807 ad
1636 2744 1879 2825 Caspias
1908 2756 2109 2826 portas
2128 2764 2227 2807 ex-

240 2836 623 2916 peditionem,
666 2832 999 2912 conscripta
1050 2849 1126 2891 ex
1175 2830 1392 2901 Italicis
1434 2845 1633 2891 senum
1691 2829 1899 2910 pedum
1948 2830 2230 2891 tironibus

239 2938 394 2980 nova
436 2918 701 2994 legione,
746 2933 914 2995 quam
950 2916 1146 2993 Magni
1186 2914 1504 2975 Alexandri
1545 2914 1836 2994 phalanga
1878 2914 2228 2995 appellabat.

366 3002 530 3066 Haec
559 3002 764 3080 partim
793 3001 949 3061 nulla
976 2999 1457 3080 reprehensione,
1502 3000 1708 3079 partim
1751 3002 1920 3061 etiam
1957 3017 2072 3060 non
2113 3018 2229 3059 me-

242 3088 428 3148 diocri
458 3085 625 3147 laude
660 3084 833 3162 digna
860 3086 917 3145 in
945 3103 1115 3147 unum
1146 3082 1394 3160 contuli,
1426 3093 1486 3143 ut
1515 3101 1884 3145 secernerem
1922 3103 1956 3147 a
1998 3083 2232 3164 probris

168 3189 221 3232 35
249 3190 320 3233 ac
353 3170 677 3235 sceleribus
706 3170 851 3246 eius,
883 3168 955 3229 de
989 3168 1193 3248 quibus
1215 3167 1433 3228 dehinc
1464 3167 1668 3234 dicam.

368 3254 527 3316 Inter
563 3264 793 3315 ceteras
845 3252 1177 3333 disciplinas
1222 3253 1512 3331 pueritiae
1565 3261 1830 3331 tempore
1876 3250 2120 3310 imbutus
2172 3255 2314 3312 et20

241 3340 484 3416 musica,
519 3340 706 3401 statim
737 3348 800 3399 ut
845 3338 1143 3418 imperium
1177 3336 1420 3416 adeptus
1461 3345 1571 3413 est,
1609 3336 1899 3416 Terpnum
1941 3332 2222 3393 citharoe-

242 3423 412 3498 dum,
437 3425 731 3511 vigentem
768 3431 903 3484 tunc
942 3430 1178 3502 praeter
1216 3420 1396 3499 alios,
1431 3421 1696 3483 arcessiit
1737 3418 2055 3561 ditia->busque
2096 3430 2228 3475 con·-

336 3527 641 3568 susroums.
790 3525 799 3538 ’
1269 3503 1279 3513 ’
1772 3504 1798 3563 1
