2475 3775
494 166 525 215 0.
548 164 737 215 CALIGULA.
800 219 802 223 ,
977 159 983 168 ’
1059 159 1118 220 145

115 321 309 386 itemlloarae
324 321 401 383 cella
415 320 537 388 Palatini
556 321 700 382 atriensis.
735 311 799 382 Nec
813 320 965 382 defuerunt
986 324 1034 402 q'ui
1050 343 1117 386 eon·
1182 371 1185 392 ,

3 426 5 450 r
116 407 274 483 iectarent,
306 406 400 467 altero
427 414 545 473 ostento
575 405 736 482 periculum
771 405 975 466 acustodibus
1005 407 1118 469 domino

116 488 268 568 portendi,
300 489 395 551 altero
411 490 531 550 eaedem
543 507 644 550 rursus
658 490 817 566 insignem,
846 489 938 568 qualis
954 491 1057 552 eodem
1072 493 1118 553 die
1144 563 1151 571 q

114 573 193 634 laeta
211 573 354 653 quondam
372 574 485 634 inisset·
504 585 511 601 ⁴
530 573 701 634 consulenti
720 591 836 653 quoque
857 573 894 634 de
914 575 1047 651 genitura
1067 595 1118 636 sua

52 718 54 721 .
90 657 196 717 ⁵Sulla
212 657 433 724 mathematicus
456 659 644 720 certissimam
667 675 770 718 necem
787 659 1024 740 appropinquare
1042 660 1118 720 afhr-

112 742 211 802 mavit.
243 741 417 803 llonuerunt
429 751 462 802 et
475 741 622 803 Fortunae
636 742 811 818 Antistiana,
829 749 859 800 ut
877 759 893 802 a
914 740 1016 804 Cassio
1034 761 1117 804 cave·
1172 808 1175 812 ,

112 834 174 894 ret;
202 842 259 903 qua
284 844 375 887 causa
395 825 446 887 ille
472 825 602 888 Cassium
622 824 781 903 Longinum
801 825 892 886 Asiae
915 835 973 886 tum
994 845 1118 906 procon-

112 900 206 968 sulem
231 909 420 970 occidendum
448 910 654 988 delegaverat,
684 912 833 972 immemor
861 908 1021 970 Chaeream
1049 910 1119 976 cas:

113 993 186 1052 sium
206 994 356 1055 naminari.
398 994 495 1055 Pridie
515 1013 599 1073 qnam
622 995 732 1074 periret
759 995 926 1071 somniavit,
945 989 1119 1055 'consistere

73 1092 146 1136 rose
169 1077 199 1137 in
219 1077 304 1140 caelo
324 1079 402 1138 iuxta
428 1079 532 1141 solium
550 1078 647 1154 loris,
676 1079 886 1156 impulsumque
904 1077 940 1138 ah
966 1097 1002 1139 eo
1024 1077 1119 1140 dextri

111 1159 196 1240 pedis
212 1162 322 1240 pollice
345 1163 418 1222 etin
436 1170 530 1223 terras
553 1163 784 1242 praecipitatum.
827 1161 1030 1240 Prodigiorum
1049 1163 1116 1223 loco

110 1244 209 1305 hahita
224 1254 290 1306 sunt
303 1248 403 1322 etiam,
434 1265 509 1326 quae
525 1247 604 1309 forte
625 1246 676 1306 illo
694 1247 759 1326 ipso
777 1245 823 1306 die
839 1245 926 1324 paulo
945 1248 1025 1325 prius
1042 1249 1117 1307 acci·

112 1328 224 1389 derant.
269 1330 444 1390 sacrificans
467 1349 621 1410 respersus
647 1339 691 1390 est
711 1330 936 1408 phoenicopteri
961 1333 1116 1407 sanguine;

111 1421 143 1472 et
158 1414 350 1491 pantomimus
362 1413 491 1474 Mnester
500 1414 687 1493 tragoediam
701 1413 831 1491 saltavit,
855 1431 938 1492 quarn
953 1413 1021 1472 olim
1040 1413 1116 1474 Neo·

72 1497 259 1577 reptolemus
274 1497 434 1580 tragoedus
454 1497 546 1577 ludis,
570 1499 674 1578 quihus
689 1516 743 1558 rex
760 1497 950 1559 Macedonum
966 1496 1118 1576 Philippus

109 1582 229 1641 occisus
255 1590 317 1657 est,
347 1591 463 1658 egeram
498 1592 617 1644 etcum
643 1584 671 1642 in
696 1581 839 1644 Laureolo
867 1583 969 1657 mimo,
1006 1582 1035 1640 in
1061 1599 1117 1661 qno

109 1672 193 1724 actor
209 1667 376 1744 proripiens
400 1683 434 1726 se
458 1666 540 1728 ruina
564 1669 734 1745 sanguinem
758 1667 865 1742 vomit„
894 1664 993 1744 plures
1015 1683 1117 1725 secun·
1155 1666 1157 1670 ’

109 1747 211 1808 darum
238 1750 629 1828 certatimexperimentum
656 1752 726 1811 artis
754 1750 872 1825 darent,
899 1766 1004 1810 eruore
1030 1767 1118 1809 scena

108 1831 275 1895 abundarit.
321 1830 478 1896 Parabatur
495 1842 526 1895 et
544 1836 574 1897 in
589 1843 706 1897 noctem
721 1832 935 1914 spectaculum,
958 1849 1014 1912 quo
1033 1851 1117 1911 argu·

69 1926 204 1979 romenta
223 1917 381 1977 interorum
400 1936 454 1996 per
469 1918 637 1999 Aegyptios
660 1928 690 1979 et
709 1918 872 1996 Aethiopas
891 1916 1116 1996 explicarentur.

108 2000 202 2061 vnn.
221 2000 268 2061 111.
290 1999 379 2061 Fehr.
399 2001 471 2063 hora
486 2004 551 2063 iere
571 2006 710 2083 septima,
744 2000 894 2064 cunctatus
918 2018 954 2062 au
974 2002 1011 2063 ad
1032 2012 1159 2081 pren-58

107 2085 186 2145 dium
201 2095 338 2161 surgeret
356 2096 503 2147 marcente
518 2087 614 2149 adhuc
628 2086 779 2149 stomacho
796 2086 917 2169 pridiani
941 2085 998 2146 cibi
1013 2103 1115 2160 onere,

106 2168 223 2229 undem
245 2169 432 2229 suadentibus
458 2173 559 2234 amicis
588 2190 728 2250 egressus
759 2179 813 2231 est.
858 2169 930 2231 Cum
952 2171 981 2246 in
1002 2179 1116 2247 crypta,
1184 2212 1188 2231 ,

106 2272 164 2332 per
178 2270 263 2331 quam
277 2254 481 2315 transeundmn
497 2264 576 2332 erat,
606 2259 689 2336 pueri
704 2255 819 2317 nobiles
834 2274 873 2316 ex
889 2254 960 2317 Asia
974 2254 1012 2318 ad
1029 2253 1116 2316 eden·

68 2356 96 2395 ss
108 2336 161 2397 das
176 2339 207 2396 in
229 2354 337 2398 scaena
351 2350 465 2417 operas
474 2343 592 2401 evocati
607 2348 870 2420 praepararentur,
901 2348 931 2398 ut
955 2356 1007 2405 eos
1028 2339 1116 2416 inspi-

107 2430 191 2480 ceret
204 2419 425 2500 hortareturque
440 2426 558 2501 restitit,
576 2443 612 2485 ac
627 2426 682 2485 nisi
698 2427 836 2504 princeps
850 2424 952 2501 gregis
966 2423 1067 2499 algere
1083 2437 1115 2479 se

105 2505 236 2580 diceret,
267 2505 364 2566 redire
386 2524 420 2566 ae
440 2518 664 2586 repraesentare
692 2508 891 2586 spectaculum
916 2507 1015 2566 voluit.
1057 2503 1115 2562 Du·

105 2588 179 2668 pler
194 2587 299 2649 dehinc
319 2589 395 2649 lama
417 2600 476 2651 est:
491 2591 541 2650 alii
561 2592 675 2652 tradunt
690 2592 857 2670 adloquenti
874 2606 981 2667 pueros
997 2605 1015 2648 a
1029 2595 1114 2663 tergo

105 2672 268 2733 Chaeream
285 2675 432 2731 cervicem
447 2673 546 2749 gladio
560 2677 667 2734 caesim
681 2670 812 2751 graviter
824 2674 1017 2750 percussisse,
1030 2688 1113 2749 prae·
1129 2720 1140 2743 ,

67 2779 94 2819 ao
105 2758 195 2817 missa
211 2774 303 2816 voce:
329 2753 399 2815 Hoc
414 2757 491 2835 ope!
515 2756 621 2817 dehine
634 2756 801 2817 Cornelium
816 2755 965 2833 Sabinum,
993 2753 1114 2815 alterum

105 2862 123 2901 e
152 2835 497 2919 coniuratis,]trihnnum
523 2859 561 2901 ex
587 2841 713 2902 adverso
740 2841 891 2901 traiecisse
916 2849 1034 2920 pectus;
1066 2840 1113 2900 alii

104 2923 259 2997 Sabinmn,
287 2932 428 2983 summota
444 2941 504 3002 per·
516 2928 653 2985 conscios
672 2927 856 2985 centuriones
873 2924 971 3001 turha,
1000 2925 1113 3002 signum

31 3022 43 3061 2
70 3068 80 3075 ,
102 3026 186 3069 more
200 3006 326 3078 ,militiae
348 3008 477 3084 petisse,
507 3019 537 3070 et
558 3009 628 3071 Gaio
649 3008 748 3069 lovem
772 3008 857 3069 dante
881 3007 1040 3069 Chaeream
1062 3010 1113 3068 ex>

104 3092 263 3153 clamasse:
286 3087 404 3167 Accipe
417 3095 537 3153 colom!
554 3095 779 3173 respicientique
796 3092 940 3154 maxillam
954 3093 1111 3153 ictudisci·
1236 3148 1237 3157 ,

66 3176 195 3237 sedisse.
239 3174 387 3235 lucentem
414 3181 631 3256 contractisque
646 3176 995 3239 memhris'clamitantem
1018 3194 1053 3236 ce
1067 3176 1111 3235 ni·
1198 3214 1202 3223 ι

102 3277 179 3321 nere
207 3260 298 3320 ceteri
327 3258 494 3320 uulneribus
522 3263 639 3339 triginta
669 3261 871 3331 coniecerunt;
908 3280 972 3322 nam
999 3262 1111 3336 signum

104 3354 169 3404 erat
189 3345 328 3404 omnium:
360 3342 496 3422 Repete!
528 3346 649 3421 Quidam
671 3342 755 3407 etiarn
777 3364 830 3425 per
852 3344 981 3405 obscena
1004 3342 1111 3401 ferrum

103 3428 277 3506 adegerunt.
321 3424 369 3486 Ad
389 3429 520 3506 primum
532 3430 823 3491 tumultumlecticari
841 3446 904 3488 cum
921 3424 1067 3487 asserihns
1082 3425 1110 3483 in

156 3533 312 3576 sumemus,
908 3513 945 3571 10
