2475 3775
508 209 537 258 e.
557 169 740 261 emicunt.
976 231 987 236 -
1066 205 1124 266 133
1190 192 1192 210 '

127 379 211 442 prem
243 360 320 426 metu
352 376 527 426 venenorum
558 367 732 446 praemuniri
756 364 969 428 medicamentis
994 373 1124 450 suspica·

126 447 225 508 batur:
240 446 427 513 saeuorum
452 451 542 530 iuquit
565 449 718 510 adverae
741 449 931 512 Gaesarem?
972 453 1125 532 delegatis

125 532 279 592 sororibus
295 550 357 594 nors
372 533 471 595 eciam
484 526 605 594 inertior
619 532 736 594 bebere
749 551 800 612 ee,
826 533 987 596 sedetiam
1000 539 1125 616 pladioe

113 615 294 688 minabatur.
337 616 516 678 Praetorium
536 620 626 678 airum
649 633 687 678 ex
707 633 827 679 secessu
847 618 1020 699 anticyrae,
1041 631 1125 701 quam

101 700 291 761 avaliardinis
305 717 392 762 causa
407 704 546 782 petierat,
568 702 725 781 propagari
740 703 795 762 sibi
809 713 996 765 commeatum
1008 709 1124 786 saepius

125 783 339 846 desiderantem
366 800 431 847 cum
463 785 627 846 mandasset
654 785 791 865 interimi,
832 786 951 867 adie'cit,
978 799 1122 851 auocato·

123 868 207 928 rium
221 885 292 928 erae
307 870 470 950 eorpuioie
486 868 675 945 missionem,
703 872 754 931 orti
775 877 841 932 tem
850 871 905 932 dia
920 891 981 934 aaa
992 873 1122 952 proster-

116 958 173 1012 eet
189 952 364 1014 statorem:
407 953 528 1016 Beoimo
553 966 668 1033 qaoqrte
689 953 735 1014 die
756 970 902 1016 nnmerum
919 957 1126 1038 puniendorum

124 1050 164 1096 ex
180 1037 310 1099 comedia
328 1038 531 1114 subscribens,
545 1039 697 1100 rationem
712 1057 746 1099 ee
758 1055 896 1119 purpure
912 1039 1036 1103 dicebat.
1056 1044 1123 1105 ilal-

83 1121 162 1180 rolis
181 1119 359 1201 Graecisque
385 1121 565 1201 aliquotuno
592 1131 724 1202 tempore
749 1124 956 1203 condemnatis,
978 1127 1123 1204 glori-aba·

122 1213 183 1279 tar,
211 1203 464 1286 Golioproeoiom
486 1205 714 1286 eesobepieee.
757 1207 822 1267 Non
847 1216 956 1269 temere
976 1211 1005 1270 ia
1026 1218 1165 1290 quem-ac

123 1288 277 1366 quamnisi
299 1290 411 1349 crebris
431 1299 463 1350 et
479 1291 594 1350 minutis
614 1290 719 1350 retibus
739 1292 925 1352 animadverti
942 1311 1046 1373 passus
1066 1302 1122 1372 est,

123 1382 268 1451 perpetuo
293 1383 423 1454 notoque
446 1377 501 1436 iam
521 1383 697 1454 praecepto:
719 1371 772 1436 lto
783 1374 848 1454 feri
864 1383 899 1438 ut
914 1380 1041 1438 temeri
1053 1395 1121 1438 aea·

122 1457 200 1519 tior!
227 1456 329 1518 Punite
357 1474 411 1537 per
435 1471 565 1518 errorem
590 1460 713 1532 nominis
738 1459 797 1520 alio
822 1477 906 1539 quam
927 1476 1011 1538 quem
1036 1461 1122 1521 desti-

85 1549 267 1616 ranarerat,
290 1543 383 1620 ipsum
398 1558 514 1622 quoque
536 1545 616 1622 paria
635 1543 871 1604 meruissedirit.
916 1543 1070 1621 rl'ragioam
1089 1545 1122 1605 il·

99 1680 101 1684 .
122 1623 171 1683 lud
185 1624 308 1694 subinde
322 1626 462 1688 iactabat:
724 1669 727 1676 .

168 1715 171 1725 '
436 1714 562 1784 Oderint,
589 1715 808 1776 oom‘metounrr
854 1751 871 1776 ι

117 1793 219 1871 Saepe
235 1794 264 1853 in
291 1802 418 1854 cunctos»
439 1797 548 1873 pariter
567 1803 734 1873 senatores,
747 1805 791 1854 -ot
816 1795 914 1855 Seiani
939 1795 1070 1872 clientis,
1093 1802 1123 1854 ut

121 1879 221 1937 matris
240 1896 275 1937 ao
290 1878 410 1938 iratrum
429 1897 545 1940 suorum
564 1879 727 1956 delatores,
757 1880 888 1941 invectus
913 1888 973 1955 est,
1000 1879 1121 1958 prolatis

85 1983 114 2023 re
122 1959 249 2038 libellis,
271 1979 345 2041 quos
366 1974 511 2024 crematos
526 1963 724 2040 simulaverat,
746 1962 923 2043 detonsaque
939 1963 1121 2052 Tiberinae·
1236 1972 1237 1979 ’

122 2046 193 2105 uitia
207 2050 290 2124 quasi
305 2050 487 2125 necessaria,
517 2064 581 2108 eum
600 2056 644 2108 tot
659 2046 872 2107 criminantibus
887 2046 1060 2107 eredendum
1077 2064 1121 2105 es-

86 2184 93 2191 .
122 2134 177 2202 set.
221 2128 395 2209 Equestrem
422 2132 551 2194 ordinem
568 2141 610 2191 ‘ot
638 2142 762 2201 scaenae
783 2130 965 2211 harenaeque
988 2130 1124 2191 devotum

122 2212 238 2274 assidue
253 2215 403 2291 proscidit.
445 2216 577 2277 infensus
598 2214 699 2275 turbae
720 2216 828 2276 tavena
846 2215 984 2296 adversus
1001 2214 1122 2275 studium

122 2314 218 2373 suum,
250 2298 438 2360 exclamavit:
465 2299 589 2361 Uticam
600 2299 635 2361 P.
652 2300 690 2361 tt.
703 2316 798 2361 uocat
817 2298 1122 2361 ceruicemltuberet!

85 2378 255 2459 arcumque
278 2382 421 2443 Tetrinius
443 2384 518 2444 latro
540 2385 757 2465 postularetur,
788 2390 818 2445 et
843 2384 896 2465 qui
916 2382 1131 2461 postularent,-

25 2481 31 2487 ·
126 2462 280 2525 Tetrinios
308 2482 377 2527 ease
398 2468 447 2528 ait.
489 2469 599 2530 Retiari
629 2470 750 2530 tunicati
773 2469 897 2547 quinque
919 2482 1036 2525 numero
1056 2481 1121 2540 gre·

122 2550 222 2627 gatim-
236 2549 405 2612 dimicantes
430 2539 492 2613 sine
521 2552 677 2612 certamine
707 2550 766 2611 ullo
796 2552 914 2610 totidem
943 2544 1122 2607 secutoribus
1215 2558 1221 2563 ·

122 2632 352 2703 succubuerant;
370 2651 435 2695 cum
449 2635 545 2695 occidi
561 2634 744 2710 iuberentur,
765 2650 837 2693 unus
851 2640 996 2710 resumpta
1010 2629 1122 2689 fuscina

63 2758 66 2762 -
122 2730 225 2775 omues
241 2720 371 2777 victores
393 2719 552 2778 interemit:
583 2716 658 2776 bano
672 2726 702 2776 ut
716 2714 942 2775 crudelissimam
960 2713 1078 2773 caedem
1094 2720 1123 2771 et

83 2799 245 2859 aodederit
262 2800 359 2861 edicto
381 2810 412 2861 et
432 2819 502 2878 ees,
530 2802 580 2879 qui
602 2809 739 2877 spectare
752 2799 974 2874 semianimem,
986 2836 988 2846 ι
1002 2813 1122 2857 exeera·

120 2891 169 2943 tus
183 2892 239 2943 est.
285 2885 374 2959 Queri
389 2888 474 2946 etiarn
494 2884 589 2965 palum
603 2883 640 2943 de
657 2882 819 2943 conditione
834 2890 994 2962 temporum
1008 2893 1121 2942 suorum
1131 2886 1162 2940 31

121 2966 256 3044 solebat,
292 2967 371 3046 quod
395 2970 481 3031 nullis
514 2966 724 3029 calamitatibus
754 2964 879 3045 publicis
904 2968 1121 3043 insignirentur;

120 3050 249 3128 Augusti
278 3054 469 3132 principatum
496 3052 578 3115 clade
606 3053 748 3126 Variana,
777 3051 875 3111 Tiberi
904 3052 984 3110 ruina
1009 3057 1121 3127 specta·
1178 3088 1184 3095 =

121 3135 255 3195 culorum
269 3136 345 3215 apud
358 3136 484 3199 Fidenas
498 3134 714 3197 memorabilem
730 3134 851 3210 factum,
880 3150 933 3195 sne
948 3133 1123 3193 oblivionem

80 3221 273 3299 aeimmiuere
301 3224 496 3301 prosperitate
525 3236 648 3290 rerum;‚
665 3228 750 3296 atque
772 3217 925 3279 identidem
947 3216 1123 3277 exercituum

120 3303 247 3379 caedes,
269 3304 388 3384 famem,
409 3306 615 3386 pestilentium,
636 3303 784 3379 incendia,
808 3302 913 3364 hiatum
928 3300 1053 3377 aliquem
1066 3302 1122 3353 ter-

119 3406 174 3449 rue
198 3405 216 3447 o
239 3388 325 3451 tabat.
487 3442 491 3456 ,

187 3406 322 3533 Abimum
337 3489 454 3554 quoque
474 3474 630 3535 remittenti
649 3470 777 3551 ludoque
800 3478 829 3531 et
851 3467 944 3548 epulis
959 3462 1055 3524 dedito
1075 3466 1165 3519 eata
