2475 3775
130 147 191 211 186
235 157 266 206 c.
281 155 432 206 suenoni
447 154 576 216 nunno.
592 154 641 202 nu
657 153 744 202 unns
763 151 951 204 osnesnnu
961 153 1031 204 mn.
1042 154 1091 202 vn.

128 316 290 393 rigentem,
316 311 457 372 meream
479 310 574 390 primo
598 307 776 385 gravabatur
798 315 828 370 ut
848 306 955 369 invidia
978 308 1133 380 identidem

130 405 287 473 oneraret,
304 397 386 474 quasi
401 411 539 456 cessurus
553 393 677 472 imperio
692 391 882 470 Rhodumque
897 390 1041 468 abituras,
1064 410 1133 456 mou

130 491 161 544 et
184 481 298 542 bnnme
318 479 396 540 omni
413 487 442 539 et
457 486 603 558 potestate
618 477 753 556 privavit,
769 475 951 555 abductaque
967 477 1085 538 militum
1102 484 1132 538 et
1223 515 1226 536 .=

130 566 341 629 Germanorum
356 563 496 641 statione,
518 561 711 622 contubernio
730 577 847 642 qnoque
863 578 899 622 ac
914 559 1026 622 Palatio
1042 579 1131 642 eupu·
1219 551 1226 652 i

131 652 178 720 lit;
202 667 299 728 neque
322 648 353 707 in
373 646 537 708 maerenda
557 647 710 726 quicquam
732 647 817 725 pensi
838 643 1153 722 herimannumque

130 728 227 815 quiet
237 735 348 794 Romae
363 741 523 793 morantem
537 729 635 791 litibus
649 739 678 789 et
691 731 720 790 iu
732 747 854 791 secessu
866 731 1065 809 quiescentem
1078 747 1133 810 per

14 877 22 901 ,
133 818 267 880 convicia
282 825 313 876 et
326 817 411 891 iocos
425 824 504 882 terra
517 815 647 894 marique
658 813 920 893 praeteruehentes
930 815 1130 893 inquietarent.

131 905 242 965 Verum
255 901 339 961 minis
355 901 418 960 eins
431 915 467 960 ac
483 898 623 960 uiolentia
636 899 753 958 territus
764 893 891 976 perdere
902 900 1018 968 statuite
1028 907 1057 958 et
1069 913 1131 958 cum

94 1026 98 1030 «
131 997 178 1048 ter
203 1001 319 1046 veneno
347 991 528 1061 temptasset·
543 984 724 1062 sentiretque
755 982 890 1044 antidotis
914 983 1130 1062 praemunitam,
1225 1041 1226 1048 ,

132 1071 296 1146 lacunaria,
313 1085 388 1147 qnae
407 1076 495 1128 noctn
513 1085 604 1146 super
617 1067 805 1127 dormientem
821 1067 918 1130 luxata
932 1066 1064 1128 machina
1081 1064 1130 1125 de·
1140 1090 1164 1132 ιο
1225 1121 1226 1130 ,

133 1153 279 1230 ciderunt,
298 1151 422 1231 pararit.
458 1150 525 1212 lloc
541 1151 666 1212 consilio
682 1169 737 1231 per
755 1152 892 1212 conscios
906 1166 1007 1230 parum
1025 1150 1131 1227 celato,

132 1237 279 1299 solutilem
292 1253 411 1313 narem,
431 1236 513 1296 crrins
526 1235 576 1295 vel
589 1235 742 1312 nauirugio
759 1235 807 1294 ucl
822 1253 955 1296 camarae
972 1235 1051 1296 ruina
1067 1251 1131 1313 per·
1225 1285 1226 1292 ,

134 1405 316 1468 candissimis
329 1405 435 1464 litteris
444 1404 529 1465 Baias
543 1403 679 1464 evocavit
691 1403 728 1465 nd
746 1403 896 1464 sollemnia
907 1405 1133 1482 Quinquatruum
1225 1361 1226 1416 ¹

133 1489 218 1554 simul
234 1488 424 1558 celebranda;
451 1487 578 1566 datoque
597 1488 721 1564 negotio
737 1487 923 1565 trierarcbis,
944 1483 1004 1568 quil
1016 1486 1133 1548 liburni·
1143 1510 1166 1550 nn

134 1592 198 1641 carn
220 1591 275 1652 qua
293 1571 415 1633 aduente
431 1582 494 1632 erat
508 1571 590 1632 uelut
604 1572 724 1646 fortuito
741 1588 884 1632 concursu
902 1573 1133 1650 confringerent,

135 1657 280 1739 protraxit
295 1656 476 1733 conuiuium,
499 1657 704 1734 repetentique
718 1653 827 1716 Baulos
849 1656 879 1716 in
893 1656 992 1718 locum
1004 1655 1133 1733 corrupti
1167 1653 1170 1660 '

134 1741 244 1819 nauigii
258 1739 455 1817 machinosum
469 1739 539 1800 illud
561 1739 681 1818 optulit,
701 1738 794 1800 bilere
810 1749 984 1817 prosecutus
998 1749 1087 1818 atque
1104 1739 1135 1798 in
1158 1777 1163 1786 ·

134 1825 270 1904 digressu
291 1825 417 1904 papillas
442 1841 559 1904 qnoque
584 1823 782 1884 exosculatus.
815 1823 968 1903 Reliquum
986 1823 1135 1903 'temporis
1225 1819 1226 1830 ’

135 1929 201 1971 cnm
213 1927 319 1987 magna
332 1910 527 1991 trepidatione
542 1908 689 1987 vigilavit,
712 1908 871 1987 opperiens
888 1918 1058 1987 coeptorum
1073 1908 1134 1967 exi·
1143 1928 1168 1971 ac

134 2004 204 2055 turn.
234 1993 293 2053 Sed
304 2003 335 2055 nt
346 1994 461 2055 diversa
476 1994 570 2054 omnia
587 1992 743 2071 nandoque
755 1992 886 2054 evasisse
901 2010 965 2053 eam
980 1990 1135 2071 comperit,
1194 2030 1198 2037 -

134 2080 223 2156 inops
240 2078 356 2137 consilii
372 2078 404 2137 b.
420 2077 580 2154 Agerinum
594 2077 729 2137 libertum
751 2078 830 2154 eius,
851 2077 961 2137 saluam
978 2086 1007 2136 et
1021 2074 1134 2135 incoln-

134 2176 212 2219 mem
226 2177 290 2218 cnm
303 2162 411 2237 gaurbo
426 2161 620 2237 nuntiantem,
640 2160 756 2221 abiecto
778 2160 853 2223 clam
868 2162 945 2227 iuxta
961 2160 1091 2240 pugione
1104 2167 1137 2219 ut

135 2259 342 2323 percussorem
357 2244 412 2303 sibi
426 2241 613 2304 subornatum
627 2244 716 2324 arripi
734 2245 951 2323 constringique
969 2245 1061 2321 iussit,
1075 2260 1135 2305 ma·

135 2338 210 2388 trem
224 2324 334 2403 occidi,
356 2329 438 2406 quasi
452 2326 666 2406 deprehensum
682 2330 789 2388 crimen
803 2329 965 2390 voluntaria
981 2336 1076 2389 morte
1093 2328 1134 2387 ui·
1144 2350 1169 2391 ae

135 2420 237 2472 tasset.
265 2410 417 2471 Adduntur
430 2411 475 2472 bis
493 2413 657 2488 atrociora,
678 2429 737 2490 nec
753 2414 871 2487 incertis
893 2410 1075 2473 auctoribus:
1097 2409 1135 2473 ad

136 2493 285 2557 visendum
298 2496 471 2569 interiectae
485 2493 612 2555 cadauer
632 2497 811 2574 accurrisse,
832 2506 1031 2558 contrectasse
1046 2511 1134 2555 mem·

137 2581 201 2656 bra,
214 2580 271 2641 alia
282 2580 476 2659 vituperasse,
491 2578 548 2639 alia
563 2578 710 2658 laudasse,
725 2580 830 2659 sitique
843 2582 957 2641 interim
972 2580 1077 2643 oborta
1090 2578 1134 2640 bi·

137 2664 226 2724 bisse.
252 2664 357 2745 Neque
371 2672 467 2725 tamen
482 2665 690 2735 conscientiam
703 2664 837 2743 sceleris,
853 2679 1023 2744 quamquam
1038 2672 1069 2725 et
1081 2657 1139 2723 mil

136 2748 217 2805 litum
236 2758 265 2815 et
279 2758 395 2811 senatus
410 2747 569 2829 populique
584 2748 823 2825 gratulationibus
837 2751 1068 2826 confirmaretur,
1084 2754 1167 2810 anteo
1223 2816 1224 2835 ,

136 2830 232 2888 statim
246 2841 294 2890 ant
308 2851 440 2911 nmquam
454 2841 559 2912 postea
572 2832 651 2910 ferre
669 2833 770 2911 potuit,
784 2851 874 2913 saepe
893 2834 1048 2893 coufessus
1063 2848 1133 2891 eua-

135 2912 223 2988 gitari
242 2930 275 2971 se
297 2925 424 2977 materna
445 2918 546 2995 specie
564 2915 795 2995 uerberibusque
811 2916 961 2980 Furiarum
983 2934 1020 2977 ao
1039 2914 1133 2976 taedis

137 2994 312 3055 ardentibus.
341 2999 416 3072 Quin
430 3008 460 3061 et
472 3000 551 3061 iacto
567 3018 621 3079 per
630 3000 734 3078 blagos
748 3019 832 3061 sacro
847 3020 975 3063 evocare
986 3000 1089 3063 blanca
1103 3006 1135 3058 et

136 3094 263 3138 exorare
277 3084 436 3159 temptavit.
467 3083 707 3160 Peregrinatione
721 3084 835 3163 quidem
847 3085 988 3147 Graeciae
1003 3093 1034 3145 ct
1044 3083 1133 3145 Eleu·

137 3163 208 3221 sinis
223 3163 333 3238 sacris,
352 3181 473 3241 qnorum
488 3167 647 3227 initiatione
662 3168 743 3246 impii
756 3178 784 3228 et
803 3170 940 3231 scelerati
955 3187 1033 3230 voce
1048 3182 1134 3248 prae·
1143 3180 1167 3222 tt

138 3247 222 3306 conis
237 3254 464 3323 summoventur,
479 3250 623 3309 interesse
637 3268 697 3309 nou
714 3269 801 3313 ausus
815 3262 871 3314 est.
1006 3322 1007 3327 η

202 3329 296 3390 lunxit
310 3327 466 3407 parricidio
477 3334 575 3392 matris
590 3334 694 3393 amitae
708 3353 819 3412 necem.
848 3337 941 3412 Quam
952 3356 1016 3397 cnm
1030 3356 1069 3398 ex
1083 3335 1134 3395 dn·

136 3414 204 3473 ritie
217 3414 275 3475 alui
291 3412 442 3473 cubantem
458 3413 603 3495 risitaret,
621 3426 651 3477 et
668 3417 716 3479 illa
734 3428 860 3483 tractans
874 3420 1042 3499 lanuginem
1056 3421 1134 3496 eius,

201 3695 217 3729 b
