2475 3775
137 167 178 231 84
228 178 261 233 c.
277 177 426 229 suuuoru
440 161 568 236 suano
583 175 729 224 cuman
745 172 928 224 causacum
944 173 1012 222 ure.
1029 173 1065 220 11.

774 328 802 389 sd
814 327 847 390 dd
860 351 899 388 rc
997 357 999 366 ·

115 430 120 439 ‘
185 471 188 475 ,
229 405 235 418 ’
300 417 362 496 ἔχοι
376 417 474 490 καλῶς
486 408 520 476 sd
532 415 687 498 παίγνων,
702 406 809 491 κρότον
826 408 891 476 δότε

299 500 352 561 καὶ
364 492 567 579 πάντεςὴμᾶς
579 490 652 578 μετὰ
666 500 757 576 χαρᾶς
771 495 972 580 προπὲμψατε.

137 585 274 648 Omnibus
294 586 398 647 deinde
413 586 554 664 dimissis,
579 584 644 646 dunn
658 583 846 644 aduenientes
862 581 898 642 ab
913 582 984 642 urbe
998 582 1034 644 de
1049 582 1133 645 Drusi
1224 643 1225 648 ,

135 672 194 732 dlia
208 686 297 748 aegra
311 673 621 750 interrogat,'repente
634 669 664 729 in
679 667 787 730 osculis
801 668 897 728 Liuiae
911 675 940 726 et
953 667 982 746 in
994 667 1047 728 hac
1059 683 1158 728 voces
1224 663 1225 720 ἲ

135 755 258 816 deiecit:
276 751 379 831 Liuio,
391 753 492 816 castri
501 753 625 833 conwpi
633 770 748 814 memor
758 751 849 828 cicc,
860 750 1001 820 occule!
1016 753 1135 813 sortitus

37 897 121 920 „w
135 841 243 924 ercitum
258 839 550 926 facilem„etqualem
568 819 971 928 sempeqjoptaueratslsam
980 836 1049 896 'lere
1064 853 1133 914 quo·
1224 887 1225 898 2

134 922 210 997 tiens
232 920 370 983 didisset·
388 924 446 983 cito
461 917 611 984 'bedullo
632 917 941 982 cruciatti'deiiu‘uctum
962 922 1133 1000 quempiam,
1222 935 1225 998 t

134 1007 192 1067 sibi
211 1015 241 1066 et
261 995 547 1068 suisaiocscstcv
563 1005 685 1066 similem
701 1005 774 1086 (hoo
790 1007 865 1066 enim
879 1015 914 1064 et
924 1005 1015 1066 uerbo
1032 1005 1072 1065 uti
1086 1020 1132 1064 so·

134 1089 230 1166 lebat)
251 1090 442 1169 precabatur.'
457 1092 562 1154 ,Unum
585 1093 701 1150 omnino
721 1098 786 1150 ante
807 1089 933 1149 efflatam
953 1091 1075 1149 animam
1096 1089 1167 1148 si·1o

134 1192 227 1252 gnum·
249 1173 392 1243 alienatae
416 1177 520 1235 mentis
545 1173 686 1252 ostendit,
712 1169 906 1252 quodsubit'o
926 1173 1135 1252 pauefactusa

135 1256 323 1336 quadraginta
337 1277 370 1318 se
385 1259 536 1319 iuvenibus
551 1259 645 1337 abripi
661 1268 779 1337 questus
795 1267 849 1318 est.
869 1257 903 1318 ld
914 1275 1030 1337 quoque
1041 1257 1135 1332 magis

134 1337 317 1420 praesagium
332 1361 416 1422 quam
429 1345 533 1403 mentis
548 1343 702 1404 deminutio
718 1342 784 1419 luit,
801 1342 941 1421 siquiden
955 1341 1075 1402 totidein
1085 1341 1134 1398 mi-

92 1437 145 1489 100
155 1424 222 1486 lites
238 1429 414 1506 praetoriani
428 1421 598 1488 extulerunt*
606 1428 717 1486 eumin
733 1426 888 1505 publicum.
918 1425 996 1486 Obiit
1010 1427 1038 1484 in
1056 1423 1134 1484 cubi-

135 1509 202 1570 culo
213 1510 336 1588 eodem,
353 1529 411 1590 qno
427 1510 680 1590 paterssctavius,
697 1509 809 1570 duobus
825 1512 933 1587 Sextis,
949 1509 1090 1587 Pompeio
1106 1519 1136 1568 et
1146 1523 1168 1562 ¹⁵

85 1597 93 1610 ‘
134 1593 293 1673 Appuleio,
309 1611 391 1656 cons.
411 1594 503 1656 Xllll.
515 1595 580 1655 Kal.
593 1594 743 1673 Septemb.
759 1593 832 1655 bora
848 1595 905 1655 diei
918 1609 1005 1672 nona,
1019 1601 1134 1674 septua-

134 1679 248 1756 gesimo
265 1687 294 1738 et
308 1688 393 1740 sexto
408 1682 511 1740 aetatis
525 1696 617 1756 anno,
634 1678 736 1738 diebus
751 1679 788 1740 V.
801 1687 831 1738 el
845 1678 938 1739 XXX.
955 1679 1056 1738 miuus.

196 1760 310 1842 Corpus
338 1763 512 1826 decuriones
531 1763 753 1842 municipiorum
771 1769 800 1822 et
816 1763 998 1824 colendarum
1021 1781 1038 1823 a
1058 1760 1137 1822 Nola

133 1845 261 1908 Bouillas
282 1865 374 1927 usque
395 1849 599 1929 deportarunt,
625 1847 759 1910 noctibus
780 1854 903 1927 propter
925 1849 990 1909 anni
1010 1855 1136 1926 tempus,

133 1950 199 1992 curn
212 1933 336 2014 interdiu
348 1936 377 1993 in
391 1934 512 2013 basilica
527 1937 667 2011 cuiusque
685 1930 848 2012 oppiduvet
863 1934 892 1991 in
910 1930 1022 2002 aedium
1037 1948 1135 1997 sacra·
1145 1942 1170 1983 ²⁰

133 2034 195 2075 rum
211 2019 332 2078 maxima
348 2028 549 2097 reponeretur.
577 2011 741 2077 Aliovillis
756 2025 893 2095 equester
908 2014 979 2075 ordo
995 2015 1137 2093 suscepit,

133 2098 368 2177 urbiqae'intulit
381 2111 467 2180 atque
483 2104 512 2161 in
528 2100 790 2162 uestibulodomus
807 2100 981 2162 conlocauit.
1011 2101 1138 2160 Senatus

134 2192 164 2242 et
179 2184 209 2240 in
222 2181 324 2242 funere
339 2183 468 2244 ornando
486 2194 515 2243 et
530 2187 559 2245 in
573 2187 712 2245 memoria
724 2184 893 2245 'honoranda
908 2202 945 2245 eo
956 2184 1063 2245 studio.
1073 2202 1137 2245 cer·

15 2326 23 2335 ,
133 2266 213 2326 latim
233 2282 409 2343 progressus
429 2275 490 2343 est,
512 2277 542 2327 ut
560 2270 635 2327 inter
656 2268 711 2330 alia
728 2261 877 2348 complura
892 2270 1057 2329 censuerint
1075 2270 1137 2348 qui-

134 2348 213 2425 dam,
227 2347 313 2408 funus
328 2349 497 2436 triumphali·
508 2360 592 2429 porta
606 2351 780 2431 ducendum,
798 2354 992 2431 praecedente
1004 2354 1139 2413 Victoria
1147 2371 1173 2411 as

134 2447 208 2513 quae
223 2434 314 2493 estin
327 2434 420 2511 curia,
436 2435 606 2500 canentibus
615 2438 733 2497 neniam
745 2436 905 2517 principum
917 2436 1017 2497 liberis
1030 2440 1137 2497 utrius-

135 2534 192 2596 quc
209 2516 393 2595 sexus;'alii,
407 2520 592 2598 exequiarum
607 2518 654 2579 die
670 2521 823 2598 ponendos
837 2522 939 2581 anulos
956 2538 1063 2581 aureos
1078 2521 1138 2581 ler-

133 2618 262 2679 reosque
283 2602 453 2672 sumendos;
479 2602 626 2681 nonnulli,
647 2620 715 2665 ossa
737 2604 863 2682 legenda
888 2622 942 2684 per
963 2604 1140 2665 sacerdotes

135 2701 308 2747 summorum
323 2686 526 2763 collegiorum.
555 2686 621 2747 Fuit
637 2697 667 2747 et
683 2690 731 2767 qui
747 2688 891 2766 suaderet,
908 2688 1139 2769 appellationem

134 2768 242 2825 mensis
258 2769 384 2847 Augusti
397 2773 426 2830 in
439 2771 641 2848 Septembrem
657 2772 901 2849 transferendam,
917 2773 993 2851 quod
1010 2772 1068 2832 boc
1083 2790 1138 2850 ge·
1149 2790 1174 2832 ao

133 2849 211 2907 nitus
227 2848 392 2931 Augustus,
413 2854 465 2915 illo
487 2854 645 2915 defunctus
656 2865 751 2926 esset;
775 2856 863 2935 alius,
879 2866 910 2916 ut
924 2872 1007 2916 omne
1021 2865 1141 2935 tempus

134 2947 153 2989 a
173 2932 269 3008 prino
281 2934 432 2997 dle·natali
448 2938 483 2999 ad
498 2940 605 2999 exitum
619 2940 682 3000 eius
697 2940 843 3001 saeculum
858 2940 1018 3018 Augustum
1033 2940 1140 3018 appel-

134 3013 245 3074 laretur
260 3025 292 3075 et
304 3020 344 3079 ita
359 3022 494 3090 infestos
507 3024 676 3083 referretur.
709 3024 817 3083 Verum
833 3024 960 3085 adhibito
976 3022 1142 3085 honoribus

134 3094 242 3175 modo,
260 3098 391 3163 bilariam
405 3104 535 3167 laudatus
552 3116 612 3167 est:
628 3123 682 3184 pro
700 3107 773 3167 aede
789 3107 854 3169 Divi
868 3108 923 3169 luli
941 3126 957 3169 a
972 3106 1092 3169 'liberio
1110 3116 1142 3167 et
1224 3106 1225 3179 j

135 3184 309 3260 prorostris
324 3187 473 3247 veteribus
487 3187 613 3250 abruso
625 3188 724 3249 'liberi
739 3190 809 3268 ulto,
826 3211 861 3253 ac
878 3199 1044 3252 senatorum
1058 3210 1139 3251 unne-
1151 3206 1176 3246 as
1224 3182 1225 3187 ’

135 3268 177 3324 ris
197 3265 310 3328 delatus
331 3270 361 3328 in
375 3268 513 3349 campum
533 3282 744 3351 crematusque.
771 3274 837 3336 Nee
854 3269 945 3337 deluit
958 3277 1002 3335 vir
1018 3286 1140 3353 praeto·

135 3351 205 3426 rius,
217 3354 265 3429 qni
281 3369 314 3411 se
329 3352 457 3430 effigiem
473 3358 590 3416 cremati
605 3365 720 3417 euntem
734 3360 763 3418 in
774 3360 885 3419 caelum
898 3359 1006 3420 uidisse
1018 3360 1141 3419 iuraret.
1224 3348 1225 3415 l

137 3430 287 3513 Reliquias
314 3435 448 3525 legerunt
472 3439 615 3515 primores
641 3444 784 3519 equestris
812 3442 934 3523 ordinis,
961 3444 1081 3504 tunicati
1112 3452 1144 3503 et

158 3685 182 3727 h
