2475 3775
126 159 188 222 tot
214 171 243 218 c.
262 133 412 218 sunnam
430 169 557 228 annuo
570 169 618 216 os
637 169 718 218 uma
736 149 919 218 classenm
936 169 1004 220 nra.
1016 171 1080 220 v11.

120 428 181 491 ,per
202 411 361 469 exereitum
383 418 511 468 veterem
529 408 653 486 legionis
676 409 759 468 unius
777 409 951 488 duarumque
968 410 1079 470 alarum
1098 421 1129 470 et

128 493 290 554 cohortium
303 495 402 563 trium;
415 503 473 554 ate
485 492 657 572 primoribus
673 491 823 571 prudentia
840 501 925 572 atque
937 502 1030 555 aetate
1038 512 1126 573 prae·
1230 550 1231 554 ,

128 577 361 638 stantibusvelut
372 579 461 652 instar
473 586 606 654 senatus,
624 577 659 638 ad
677 595 751 655 quos
769 576 805 637 de
820 578 928 638 maiore
943 596 976 638 re
989 581 1127 656 quotiens

129 679 204 740 opus
216 671 295 722 esset
305 663 482 739 referretur,
501 662 638 728 instituit,
667 659 786 738 Delegit
803 670 833 720 et
850 663 995 740 equestris
1014 661 1151 725 ordiniss

125 345 145 386 e
157 324 246 404 plebe
259 324 372 403 quidem
384 326 554 404 provinciae
570 325 705 402 leg-iones
718 333 746 385 et
762 325 866 386 auxilia
884 327 1058 404 conseripsit
1078 345 1127 388 su·
1206 302 1228 737 p

126 747 259 824 iuvenes,
271 748 320 824 qui
332 756 465 807 manente
478 746 628 806 anulorum
637 763 790 808 aureorum
801 761 854 806 usn
866 747 981 807 evocati
991 745 1125 826 appella·
1223 742 1226 803 ζ

125 832 226 890 rentur
238 830 435 910 excubiasque
443 830 522 889 cirea
531 829 693 900 cubiculum
700 847 782 890 suum
790 831 982 890 vicemilitum
992 839 1125 907 agerent.

126 913 221 975 Etiam
233 933 287 993 per
299 915 466 995 provincias
478 913 573 974 edicta
585 914 700 992 dimisit,
716 923 819 974 auctor
833 915 955 992 singulis
967 915 1124 974 universis-

121 1014 185 1076 ‘que
197 997 381 1076 conspirandi
393 997 484 1074 simul,
495 996 526 1056 et
537 1001 567 1056 ut
579 1016 635 1076 qua
647 1000 885 1076 possetquisque
898 1010 989 1080 opera
997 1015 1125 1058 commu·

128 1099 195 1155 pern
209 1082 477 1143 causamiuvarent.
756 1115 760 1124 ·
974 1113 977 1118 ·

187 1165 244 1224 Per
262 1165 338 1225 idern
354 1165 419 1224 iere
436 1175 549 1244 tempus
566 1167 595 1224 iu
612 1167 770 1226 munitione
789 1164 908 1244 oppidi,
926 1165 1005 1245 quod
1022 1163 1126 1224 sedem

125 1248 207 1308 bello
224 1248 386 1327 delegerat,
398 1259 533 1328 repertus
546 1259 591 1309 est
603 1250 704 1330 anulus
717 1251 808 1330 opere
820 1251 954 1328 mutique,
974 1248 1126 1327 scalptura
1225 1287 1229 1341 Ι

127 1351 259 1410 gemmae
277 1334 438 1394 Victoriam
462 1351 526 1394 euna
554 1343 677 1413 tropaeo
707 1335 905 1412 exprimente3
934 1353 971 1394 ac
1001 1330 1126 1406 subinde
1224 1344 1231 1484 p

128 1415 325 1478 Alexandrina
337 1419 419 1479 navis
429 1417 582 1478 Dertosam
594 1417 706 1498 appulit
717 1419 802 1478 armis
813 1427 927 1494 onusta,
940 1417 1001 1477 sine
1015 1413 1125 1494 guber-
1230 1489 1231 1494 γ

122 1510 247 1578 natore,
264 1502 326 1562 sine
338 1511 422 1562 nauta
436 1518 472 1562 ac
484 1511 605 1563 vectore
615 1502 685 1579 ullo,
696 1511 726 1562 ut
737 1503 842 1562 nemini
853 1501 967 1562 dubium
979 1509 1067 1580 esset,
1081 1501 1126 1560 iu·
1137 1513 1162 1552 tt
1224 1474 1231 1523 Ι

118 1595 202 1645 stum
214 1587 349 1667 piumque
365 1595 393 1646 et
404 1585 567 1647 laventibus
575 1584 743 1646 diishellum
750 1587 872 1665 suseipi;
883 1605 946 1646 eum
956 1591 1077 1664 repente
1085 1603 1128 1644 ex

114 1669 278 1746 »inopinato
287 1687 381 1749 prope
389 1678 491 1729 cuneta
497 1669 611 1732 turbata
625 1677 699 1730 sunt.
721 1669 839 1732 Alarum
853 1670 944 1731 altera
958 1669 1057 1730 castris
1069 1686 1127 1746 ap·

114 1753 371 1830 ,propinquantem
384 1754 560 1832 paenitentia
571 1756 670 1816 mutati
680 1755 855 1816 sacramenti
864 1752 1021 1814 destituere
1034 1766 1127 1812 cona·
1226 1748 1229 1822 ἶ

113 1845 157 1897 ta
165 1844 363 1916 estaegreque
370 1839 632 1916 retentaiuoilicio,
641 1847 669 1899 et
675 1840 845 1917 servi,qnos
855 1857 872 1899 a
884 1837 988 1899 liberto
995 1835 1127 1899 Neronis

119 1919 164 1982 ad
178 1921 307 1983 fraudem
324 1932 516 2002 praeparatos
526 1923 637 1983 muneri
649 1930 816 2000 acceperat,
829 1940 883 2000 per
896 1922 1080 2001 angiportum
1097 1922 1162 1979 in²⁰

122 2004 248 2067 balneas
265 2015 460 2068 transeuntem
478 2026 570 2087 paene
586 2008 809 2074 interessendum
829 2006 884 2065 nisi
906 2004 1125 2067 cohortantibus
1230 2004 1231 2069 l

119 2089 157 2147 in
178 2090 271 2147 vicem
287 2107 325 2149 ne
343 2093 529 2151 occasionem
551 2090 733 2167 omitterent,
751 2090 997 2167 interrogatisque
1014 2090 1125 2165 deque

110 2172 288 2241 ,occasione
308 2172 511 2250 loquerentur,
539 2191 681 2253 expressa
713 2174 840 2233 cruciatu
866 2172 1015 2233 confessio
1034 2179 1124 2231 esset.
1230 2190 1231 2249 ς

85 2260 117 2311 11
129 2252 269 2312 Accessit
279 2255 315 2314 ad
326 2264 404 2315 tanta
416 2256 578 2316 discrimina
590 2273 670 2318 mors
685 2256 832 2334 Vindicis,
848 2275 905 2336 qua
919 2259 1043 2318 maxime
1054 2273 1123 2315 con·
1230 2260 1231 2269 ’

118 2345 273 2397 sternatus
285 2336 479 2415 destitutoque
495 2340 595 2400 similis
613 2357 671 2401 non
686 2340 802 2401 multum
815 2341 885 2401 aluit
900 2344 966 2419 quin
984 2343 1061 2401 vitae
1076 2356 1160 2402 re-as

116 2422 280 2481 nuntiaret.
311 2422 372 2481 Sed
383 2423 710 2500 supervenientibusah
729 2424 802 2486 urite
818 2426 923 2487 nuntiis
941 2434 972 2485 ut
995 2424 1125 2483 occisum

126 2505 275 2566 Neronem
287 2514 465 2583 cunctosque
477 2507 506 2566 in
517 2506 607 2567 verba
619 2527 670 2569 sua
686 2510 798 2569 iurasse
815 2510 971 2585 cognorit,
990 2506 1125 2586 deposita
1230 2570 1231 2581 ἢ

121 2590 219 2667 legati
233 2592 363 2669 suscepit
376 2587 513 2651 Caesaris
532 2591 773 2671 appellationem,
786 2594 898 2670 iterque
915 2594 1065 2671 ingressus
1079 2598 1126 2649 est

119 2674 282 2752 ,paludatus
300 2692 334 2735 ac
351 2673 534 2754 dependente
550 2693 568 2735 a
586 2675 750 2735 cervicibus
773 2677 902 2754 pugione
918 2686 986 2737 ante
1003 2682 1123 2755 pectus;

88 2806 91 2812 ,
113 2773 184 2822 :nec
196 2758 277 2833 prius
288 2774 369 2817 usum
381 2768 469 2835 togae
477 2761 653 2838 reciperauit
664 2772 747 2837 quam
756 2761 908 2837 oppressis
915 2762 963 2839 qui
971 2776 1062 2819 novas
1073 2775 1126 2817 res
1134 2772 1163 2813 ao

109 2836 331 2916 -moliebantur,
342 2843 495 2921 praelecto
508 2845 637 2921 praetori
647 2841 822 2922 Nymphidio
835 2843 944 2905 Sabino
957 2846 1077 2918 Rornae,
1095 2843 1126 2901 in

116 2916 283 2979 -Germania
294 2922 418 2985 Fonteio
432 2926 586 3005 Capitone,
599 2929 628 2986 iu
638 2926 739 2987 Africa
751 2926 854 2988 Clodio
865 2928 967 2989 Macro
979 2927 1097 3005 legans.

90 3016 125 3069 li
195 3000 402 3067 Praecesserat
412 3009 448 3069 de
466 3026 503 3069 eo
521 3011 597 3070 larua
612 3011 752 3071 saevitiae
770 3011 853 3089 simul
871 3021 958 3091 atque
974 3010 1125 3086 avaritiae,

136 3084 214 3162 quod
227 3085 359 3147 civitates
377 3091 579 3171 Hispaniarum
596 3092 825 3173 Galliarumque,
850 3113 926 3174 quae
944 3094 1127 3157 cunctantius

129 3167 187 3227 sibi
199 3182 397 3249 accesserant,
408 3177 592 3249 gravioribus
603 3176 725 3255 tributis,
737 3178 874 3256 quasdam
886 3180 972 3241 etiam
978 3196 1127 3239 murorum
1135 3204 1166 3244 ³5

116 3250 1124 3341 ¹destructionepunissetetpraepositosprocuratoresques'upplieio

129 3337 232 3413 eapitis
244 3335 403 3397 adiecisset
417 3357 480 3398 cum
493 3344 665 3421 coniugibus
676 3363 711 3405 ac
724 3345 837 3417 liberis;
852 3346 989 3426 quodque
997 3346 1135 3407 oblatam

129 3434 145 3475 a
163 3418 429 3481 Tarraconensibus
452 3440 469 3481 e
491 3434 592 3485 vetere
613 3429 724 3507 templo
746 3428 826 3490 lovis
847 3448 987 3497 coronam
1007 3446 1129 3491 auream

1135 1070 1227 1127 iol
