2475 3775
138 130 198 191 176
227 141 258 190 c.
274 141 426 190 eunucus
441 140 565 200 annuo.
581 139 630 186 nn
646 137 730 187 vrrs
745 129 929 188 consanum
943 138 1013 186 nus.
1030 139 1078 186 vr.

136 295 313 372 cohortibus,
335 293 425 353 curuli
447 292 580 353 residens
600 293 677 374 apud
692 287 789 354 rostra
803 293 1002 373 triumphantis
1023 285 1133 371 habitu,

134 380 313 456 intersigna
333 377 466 438 militaria
487 377 717 456 atquevexilla;
746 387 775 437 et
798 380 889 456 primo
911 395 966 460 per
991 377 1133 438 devexum

135 461 451 544 pulprtnmsubeuntem
459 461 614 522 admrsrtad
622 477 716 539 genna
724 461 944 540 adlevatumque
953 461 1054 522 dextra
1063 479 1144 521 exo
1220 534 1222 548 4

135 547 263 608 oculatus
283 555 345 623 est,
369 545 435 606 dein
456 547 587 624 precanti
605 547 678 606 tiara
700 545 822 606 deducta
845 545 974 618 diadema
994 547 1131 632 inposuit,

133 630 225 692 verba
247 630 390 712 supplicis
410 630 599 708 interpretata
621 630 770 709 praetorio
791 629 854 690 viro
876 613 1059 690 multitudini
1066 648 1130 709 pro·
1142 649 1154 690 ι

133 717 294 786 nuntiante,
317 713 486 794 perductum
501 713 590 774 inde
581 733 610 773 ιιι
625 713 766 774 theatrum
789 731 824 774 ac
845 732 945 774 rursus
969 713 1131 798 supplican·
1187 761 1190 770 .

101 800 107 820 ⁶
133 809 192 860 tem
207 800 286 859 iuxta
301 817 334 858 se
350 799 455 860 latere
463 797 566 857 dextro
589 797 763 858 conlocarit.
809 795 854 857 Ob
878 815 951 878 quae
977 799 1132 877 imperator

92 899 127 952 14
136 883 342 959 consalutatus,
358 881 482 942 laurea
473 899 502 940 ιιι
518 879 691 960 Capitolium
706 881 774 961 lata,
789 880 887 942 lanum
901 881 1045 960 geminum
1057 881 1131 942 clau*

134 969 181 1047 sit,
197 976 255 1027 tam
270 966 350 1026 nullo
366 983 449 1044 qnam
466 965 583 1025 residuo
597 965 687 1026 bello

198 1049 372 1116 Consulatus
386 1058 520 1128 quattuor
532 1051 645 1126 gessit
661 1051 782 1129 primum
804 1025 1005 1127 bimenstrem,
1030 1067 1128 1109 seeun·
1139 1059 1162 1099 ¹⁰

135 1135 201 1195 dum
218 1142 247 1194 et
260 1134 446 1195 novissimum
461 1142 648 1211 semenstres,
664 1135 777 1194 tertium
788 1095 1059 1212 quadrimenstrem3
1074 1150 1130 1192 me

135 1219 200 1279 dios
220 1218 293 1278 duos
315 1218 506 1296 continuavit,
531 1217 661 1296 reliquos
680 1218 755 1278 inter
775 1235 881 1278 annua
888 1219 982 1297 spatia
1001 1217 1130 1277 variavit.

92 1315 127 1369 15
135 1302 169 1364 ln
183 1301 397 1363 iurisdictione
412 1302 653 1382 postulatoribus,
668 1302 723 1362 uisi
736 1301 869 1379 sequenti
884 1301 930 1361 die
941 1306 974 1362 ac
985 1319 1040 1380 per
1050 1300 1130 1360 libel-

134 1388 192 1465 los,
207 1404 265 1447 non
282 1395 394 1447 temere
407 1386 567 1467 respondit.
587 1384 811 1463 ⁴Cognoscendi
825 1402 935 1446 morem
951 1387 1015 1445 e'um
1032 1385 1144 1460 lenuit,

33 1534 36 1539 ,
134 1482 165 1533 ιιι
181 1471 324 1532 continuis
340 1470 503 1532 actionibus
518 1472 633 1531 omissis
649 1469 814 1546 singillatim
830 1487 963 1548 quaeque
978 1487 1034 1549 per
1051 1471 1162 1528 vicesis

135 1564 248 1634 ageret.
294 1556 435 1654 Quotiens
452 1564 547 1616 autem
562 1555 599 1616 ad
613 1552 830 1614 consultandum
845 1553 998 1614 secederet
1006 1570 1133 1631 ,neque

133 1642 329 1700 incommune
346 1641 610 1719 quisquamneque
634 1637 785 1737 propalam
807 1636 1004 1713 deliberabat,
1032 1636 1084 1696 sed
1105 1643 1134 1696 et

136 1724 318 1804 conscriptas
346 1721 382 1783 ab
413 1741 476 1783 uno
500 1740 617 1802 quoque
645 1721 802 1797 sententias
828 1723 931 1782 tacitus
958 1729 993 1782 ac
1016 1728 1132 1780 secreto
1216 1781 1220 1790 ,

114 1873 118 1880 ,
134 1809 249 1886 legens,
271 1806 372 1889 quod
362 1826 419 1888 ipsu
412 1807 565 1868 libuisset
572 1805 703 1899 perinde
720 1816 806 1884 atque
821 1804 951 1885 pluribus
965 1804 1042 1866 idem
1053 1803 1131 1864 uide·

133 1902 216 1954 retur
231 1892 444 1993 pronuntiabat
1142 1912 1163 1953 ιι

197 1976 249 2038 ln
246 1979 353 2059 curiam
366 1977 565 2037 libertinorum
581 1971 660 2036 lilios
676 1975 722 2036 diu
736 1992 795 2035 non
817 1938 942 2045 admisit;
966 1973 1100 2037 admissis
1118 1990 1134 2031 a

135 2060 282 2140 prioribus
310 2046 490 2141 principibus
510 2060 639 2120 honores
664 2059 829 2152 denegavit.
873 2056 1063 2143 Candidatus,
1087 2056 1134 2135 qui

136 2162 223 2222 supra
237 2161 384 2204 nnmerum
399 2153 512 2225 essent,
523 2145 552 2202 in
568 2142 702 2204 solatium
717 2138 861 2203 dilationis
878 2161 912 2204 ac
927 2159 1025 2203 morae
1042 2138 1132 2221 legio·
1221 2206 1222 2217 ,

135 2226 220 2286 nibus
235 2229 414 2306 praeposuit.
458 2226 676 2287 Consulatum
667 2247 696 2287 ιιι
719 2244 807 2287 senos
829 2226 998 2306 plerumque
1016 2242 1134 2285 menses

136 2309 224 2371 dedit
252 2306 456 2387 Defunctoque
472 2311 551 2369 circa
566 2310 613 2369 lll.
627 2310 687 2371 lan.
706 2311 800 2371 altero
817 2330 833 2370 e
852 2310 1027 2388 consulibus,
1044 2310 1132 2371 nemi·
1122 2324 1163 2365 -as

135 2411 201 2455 nem
216 2393 360 2455 substituit
361 2393 552 2473 ,improbans
567 2395 743 2474 exemplum
750 2404 835 2455 vetus
851 2392 951 2457 Canini
964 2394 1063 2455 Rebili
1076 2409 1133 2453 uno

136 2479 183 2540 dle
197 2478 337 2545 consulis
365 2477 558 2557 Triumphalia
570 2488 738 2539 ornamenta
750 2481 836 2540 etiam
848 2481 1031 2559 quaestoriae
1043 2478 1133 2556 digni·

136 2565 203 2625 tatis
219 2573 247 2624 et
262 2562 411 2624 normullis
434 2580 473 2621 ex
488 2564 618 2642 equestri
638 2554 738 2623 ordine
762 2562 876 2640 tribuit,
895 2582 952 2624 nec
974 2566 1075 2644 utique
1097 2560 1134 2620 de
1191 2588 1194 2597 =

137 2666 224 2707 causa
246 2648 369 2708 militari.
390 2627 456 2707 De
480 2645 647 2724 quibusdam
666 2648 754 2709 rebus
775 2648 923 2708 orationes
943 2646 979 2707 ad
1004 2655 1133 2707 senatum

135 2733 256 2808 missas,
271 2733 431 2811 praeterito
450 2732 611 2810 quaestoris
628 2732 745 2809 officio,
764 2750 817 2811 per
832 2731 981 2794 consulem
1007 2720 1131 2809 plerum·
1141 2736 1163 2777 ³⁰

95 2830 194 2889 1fique
208 2815 368 2877 recitabat.¹
402 2814 536 2900 Formam
552 2815 748 2877 aedificiorum
764 2814 844 2875 urbis
860 2830 965 2875 novam
983 2814 1132 2891 excogita·

136 2897 186 2972 vit,
203 2904 232 2955 et
245 2906 276 2957 ut
291 2908 357 2959 ante
370 2890 500 2959 insulas
492 2918 526 2961 ae
547 2900 648 2961 domos
669 2901 799 2980 porticus
818 2908 933 2977 essent,
957 2897 992 2961 de
1015 2912 1134 2977 quarmn

138 2978 252 3039 solariis
280 2982 411 3043 incendia
444 2992 627 3055 arcerentnr3
655 3001 763 3082 easque
784 2993 898 3063 sumptu
921 3002 973 3044 sno
995 2983 1133 3043 extruant.

136 3062 301 3125 Destinarat
317 3068 402 3125 etiarn
421 3066 500 3127 Ostia
524 3076 608 3127 tenus
626 3070 740 3128 moenia
760 3086 934 3148 promouere
958 3076 1045 3147 atque
1066 3064 1132 3126 inde

137 3147 218 3209 fossa
232 3166 312 3210 mare
326 3150 426 3209 veteri
435 3149 498 3209 urbi
512 3150 660 3211 inducere.
1140 3166 1163 3209 at

199 3233 289 3294 llnlta
308 3232 360 3293 snb
382 3249 418 3292 eo
437 3242 467 3292 et
487 3234 685 3296 animadversa
707 3252 810 3296 severe
840 3244 869 3295 et
900 3235 1049 3312 coercita,
1077 3250 1133 3293 nac

138 3318 229 3377 minus
243 3318 384 3377 instituta:
402 3314 544 3377 adhibuus
560 3319 718 3398 sumptibus
731 3320 849 3388 modus;
871 3316 1006 3397 publicae
1022 3332 1133 3379 caenae

139 3399 174 3459 ad
191 3401 336 3482 sportulas
350 3398 501 3468 redactae3
522 3400 704 3463 interdictum
720 3420 757 3463 ne
779 3400 845 3483 quid
864 3403 893 3461 in
913 3402 1031 3481 popinis
1055 3400 1133 3463 cocti
