2475 3775
114 245 120 256 Ι
160 171 203 234 st
232 181 263 230 c.
279 177 426 230 sonuum
439 181 565 242 nusum
580 163 630 228 ha
643 181 726 230 unas
741 179 923 230 cassanum
937 180 1006 229 nun.
1020 181 1071 230 ιιι.

97 360 99 365 ·
154 335 278 417 <peculio
289 335 413 396 referret
425 343 557 416 accepta.
575 333 654 396 ltthtl
667 353 706 395 er
719 351 756 396 eo
771 334 902 415 ternpore
916 335 1147 413 praetermissam

163 429 208 480 est
222 419 259 480 ad
269 421 445 479 maiestatem
460 422 523 479 eius
538 417 708 497 aagendam,
720 436 756 480 ac
769 419 857 478 multo
873 418 965 495 magis
977 427 1146 498 postquam,
1222 437 1224 442 ’

161 504 294 582 Agrippa
308 501 441 563 abdicato
456 512 541 581 atque
556 503 700 582 seposito,
716 512 825 563 certam
839 511 912 578 erat,
928 502 976 562 uni
990 519 1071 581 spem
1083 519 1146 561 suo·

84 635 86 648 .
119 588 303 651 recessionis
323 585 501 656 incumbere3
525 585 590 646 data
603 603 703 646 rursm
716 594 845 666 potestas
859 585 1009 646 tribunicia
1023 586 1052 646 in
1068 585 1146 664 quin·

159 671 328 750 qoennium,
345 668 495 752 delegatus
512 669 660 748 pacandae
676 669 844 732 Germaniae
861 677 965 746 statas,
980 668 1168 734 Parthorum

158 755 263 831 legati,
275 752 415 813 mandatis
429 751 563 829 Augusto
575 753 689 816 Romae
700 747 834 830 redditis,
857 769 922 814 eom
938 769 1052 832 quoque
1069 751 1148 812 adire

158 840 195 982 a
210 834 1149 999 atanassisalanam„alsaciam

587 965 596 995 9

158 1003 301 1065 bellorum
317 1011 385 1081 post
398 964 518 1080 Funic’a,
535 1021 588 1083 per
602 1004 763 1082 quindecim
779 1005 912 1081 legiones
928 1019 1085 1083 paremque
1099 1017 1146 1062 au·

158 1087 292 1147 xiliomm
307 1087 419 1165 copiam
433 1087 555 1147 triennio
570 1089 674 1166 gessit,
686 1089 715 1148 in
725 1089 835 1165 magnis
851 1088 973 1148 omnium
986 1101 1081 1146 rerum
1094 1083 1146 1144 dii·
1156 1097 1180 1140 sc

159 1168 331 1231 hcnltatihus
352 1187 518 1248 summaque
538 1170 653 1248 frugum
672 1173 779 1250 inopia.
802 1170 843 1232 'Et
858 1187 1018 1250 quanquam
1031 1168 1147 1247 saepius

159 1262 356 1329 revocaretur,
371 1262 465 1314 tamea
480 1257 690 1334 perseveravit,
704 1263 835 1316 metuens
845 1271 882 1314 ne
897 1255 1007 1314 ricinus
1021 1260 1050 1312 et
1062 1235 1147 1330 profi·

159 1337 260 1396 valens
285 1337 376 1397 hostis
400 1338 521 1398 instaret
538 1338 613 1398 ultro
635 1337 812 1398 cedentibus.
844 1336 891 1397 Ac
913 1335 1148 1416 perseverantiae

41 1424 43 1427 ’
120 1455 128 1460 -
158 1421 269 1500 grande
281 1423 402 1500 pretium
412 1421 487 1498 tulit,
498 1429 560 1481 toto
571 1421 698 1499 Illyrico,
714 1421 792 1500 quod
805 1423 881 1483 inter
891 1419 1001 1503 ltaliam
1014 1433 1147 1496 reguum·

159 1522 216 1582 qne
229 1505 365 1565 Noricum
380 1513 416 1564 οῖ’
426 1503 574 1565 Thraciam
589 1514 621 1565 et
633 1505 829 1567 blacedouianr
843 1506 974 1582 interque
987 1499 1147 1564 Danubium
1157 1518 1180 1560 ιι

86 1591 90 1604 “
159 1587 263 1648 humen
278 1597 308 1647 et
321 1589 412 1647 sinum
425 1590 511 1648 maris
521 1585 676 1649 Hadriatici
688 1597 776 1668 patet,
792 1587 952 1668 perdomito
967 1595 997 1648 et
1013 1587 1041 1648 in
1056 1584 1147 1646 dicio·

118 1674 149 1729 17
160 1689 223 1732 nem
244 1670 374 1731 redacto.
415 1670 467 1731 Cui
488 1669 600 1748 gloriae
621 1671 743 1752 amplior
763 1672 856 1734 adhuc
873 1690 913 1731 ex
933 1669 1148 1750 opportunitate

158 1755 286 1816 cumulus
305 1756 439 1814 accessit.
468 1753 541 1816 Nam
562 1753 615 1815 sab
636 1756 664 1816 id
678 1756 741 1816 lere
754 1767 867 1834 tempus
883 1755 1035 1830 Quintilius
1052 1753 1148 1813 Vama

158 1857 222 1900 cum
240 1838 331 1900 tribus
348 1837 513 1916 legionibus
535 1840 563 1900 in
582 1838 732 1902 Gemmania
753 1841 853 1919 periit,
875 1840 988 1902 nemine
1001 1833 1147 1899 dubitante

157 1927 226 2003 quin
244 1925 371 1985 victores
383 1922 517 1985 Germani
537 1924 659 1985 iuncturi
674 1942 708 1986 se
721 1924 876 1987 Pannoniis
890 1923 1008 1999 fuerint,
1027 1920 1083 1981 nisi
1097 1918 1180 1979 ‹le-a

118 2020 122 2028 ’
157 2006 293 2066 bellatum
318 2008 397 2086 prius
419 2006 565 2081 lllyricum
588 2016 677 2068 esset
709 2007 787 2082 Quas
811 2006 848 2068 ob
872 2024 920 2067 res
939 2004 1100 2082 triumphus
1120 2001 1148 2062 ei

157 2088 291 2149 decretus
315 2098 377 2166 est,
396 2090 532 2168 multique
546 2098 577 2150 at
588 2090 685 2167 magni
698 2090 834 2151 honores.
863 2088 1044 2153 Gensuerrmt
1061 2086 1148 2147 etiam

158 2171 271 2250 quidam
289 2180 320 2230 ut
333 2171 528 2249 Pannonicus,
548 2173 597 2234 alii
615 2182 647 2233 ut
661 2172 803 2252 Invictus,
823 2173 951 2235 nonnulli
965 2181 996 2232 ut
1012 2171 1079 2231 Pius
1098 2184 1147 2229 co·

157 2255 378 2332 gnominaretur.
405 2254 465 2315 Sed
488 2254 525 2316 do
543 2258 716 2334 cognomine
736 2257 899 2336 intercessit
918 2255 1083 2333 Augustos,
1109 2268 1148 2312 eo

158 2345 322 2397 contentum
334 2338 552 2417 repromittens,
567 2339 644 2418 qaod
658 2358 690 2399 se
705 2340 840 2403 defuncto
854 2348 1041 2417 suscepturus
1056 2344 1147 2398 esset.
1156 2352 1183 2393 ss

158 2420 340 2500 Triumphum
358 2421 426 2498 ipse
439 2420 562 2500 distulit,
586 2431 696 2484 memte
712 2425 828 2489 ciuitate
843 2423 925 2485 clade
939 2424 1080 2491 Variana3
1106 2420 1147 2479 ni·

92 2549 96 2558 „
156 2505 216 2567 hilo
241 2507 332 2565 minus
351 2502 452 2565 urbem
470 2508 668 2582 praetentatus
687 2514 718 2569 et
737 2506 835 2568 laurea
856 2515 1013 2569 coronatus
1031 2502 1150 2565 intrari

157 2590 339 2670 positumque
358 2590 388 2651 in
400 2588 517 2674 Saeptis
535 2588 672 2667 tribunal,
693 2600 794 2653 senatu
813 2598 943 2666 astante,
965 2585 1149 2662 conscendit,

157 2692 193 2733 ac
217 2673 326 2735 medius
350 2674 425 2733 inter
449 2672 523 2734 dnos
549 2673 685 2735 consules
708 2692 772 2735 cum
794 2670 1030 2751 Augustoritum
1055 2668 1148 2737 sedite

157 2756 245 2831 unde,
261 2756 372 2836 populo
387 2756 575 2834 consalutato,
591 2757 699 2819 circum
713 2758 820 2836 templa
833 2756 973 2819 deductus
988 2763 1046 2819 cst.
1157 2758 1184 2801 ὓ

117 2846 151 2901 18
221 2838 356 2905 Proximo
382 2858 458 2901 anno
477 2843 601 2920 repetita
622 2840 786 2917 (immania,
813 2858 876 2901 cnm
905 2837 1151 2899 animadverteret

157 2919 310 2981 Varianam
329 2922 440 2982 cladem
453 2926 622 2987 ‘temeritate
646 2932 675 2985 et
692 2924 879 3001 neglegentia
895 2922 978 2985 ducis
992 2920 1150 2997 eccidisse,

72 3012 76 3018 “
156 3000 232 3063 nibil
246 3020 305 3062 non
325 3000 361 3063 de
381 3007 494 3067 consilii
509 3007 651 3067 sententia
665 3006 739 3083 egit:
761 3026 878 3087 sempe-r
893 3008 965 3067 alias
978 3006 1023 3067 sui
1038 3004 1152 3069 arbitrii

157 3093 365 3164 contentusque
379 3105 414 3145 se
426 3106 500 3165 uno,
521 3099 589 3151 tanc
605 3098 721 3168 praeter
735 3091 971 3153 consuetudinem
986 3107 1052 3151 curn
1067 3106 1150 3149 com·

156 3168 286 3249 pluribus
299 3168 338 3229 dc
350 3170 462 3231 ratione
472 3170 542 3232 belli
554 3174 781 3234 communicavit.
806 3174 909 3235 Caram
925 3190 1042 3252 quoqne
1058 3170 1184 3233 solitoas

157 3253 334 3314 exactiorem
348 3255 496 3331 praeemit.
522 3255 706 3317 'l'raiecturus
721 3256 868 3334 Rhenum,
883 3265 1075 3320 commeatum
1088 3273 1150 3317 om·

156 3354 222 3397 uem
244 3334 281 3398 ad
309 3344 417 3398 certam
439 3336 589 3409 formulam
614 3338 779 3401 adstrictum
802 3357 860 3401 non
885 3350 952 3401 ante
979 3340 1151 3415 transmisit,
1219 3340 1220 3402 l

157 3435 242 3497 ςιιιιιι
259 3421 423 3483 consistens
434 3419 511 3500 apud
524 3422 615 3501 ripam
632 3422 816 3503 explorasset
829 3424 1027 3489 vehiculorum
1044 3441 1151 3501 onere,
1218 3502 1219 3513 χ

242 3595 254 3613 0
