2475 3775
527 163 718 224 susumus(
1033 169 1092 236 113

103 326 266 410 nepotibus·
277 326 573 408 parsurusereditur,
589 347 654 392 eum
669 339 698 392 ct
714 330 814 392 Guium
829 341 994 412 suspectum
1006 335 1093 399 hahe-

86 425 160 492 τοι,
185 412 381 474 et'l'iberium
405 422 436 473 ut
461 430 500 474 ex
523 412 665 474 adulterio
692 425 865 494 conceptum
882 428 1092 495 aspernaretur.

100 499 162 560 rtee
181 496 320 559 abhorret
340 516 358 560 a
376 514 464 566 vero;
489 514 610 576 namque
629 499 783 562 identidem
802 499 921 577 felicem
940 499 1095 562 Priamum

100 581 242 658 secutor,
259 581 343 661 quod
357 587 516 660 superstes
529 581 661 643 omnium
675 601 802 646 eaerum
818 583 977 645 extitisset.

78 681 91 724 u
159 668 252 747 Quam
264 668 344 726 inter
362 665 436 726 lreee
456 665 618 730 nonmode
643 668 753 728 invisus
776 687 811 728 an
826 668 1022 746 detestabilis,
1044 670 1137 737 sed63

99 748 299 833 praetrepidus
309 767 425 829 quoque
436 758 522 828 atque
534 750 618 810 etiam
630 751 811 812 contumeliis
825 752 967 814 obnoxius
979 755 1094 832 uixerit,

85 836 184 896 'multa
202 833 310 894 indicia
322 844 397 894 sunt.
429 833 607 912 Haruspices
621 843 738 896 secreto
756 853 791 896 ao
806 838 869 897 sine
882 835 1006 898 testibus
1025 856 1093 899 cun·

98 921 153 982 suli
173 919 275 979 uetuit.
301 920 404 979 Vicina
418 936 491 978 vero
505 917 568 978 urbi
584 919 702 981 oraorrle
718 922 802 980 etiem
816 921 956 982 dissicere
975 932 1094 983 conatus

98 1014 162 1081 est,
179 1002 231 1063 sed
249 1004 400 1064 maiestate
418 1002 668 1064 Praenestinarum
692 1006 810 1064 sortium
834 1007 949 1066 territus
974 1005 1094 1082 destitit,

65 1105 163 1151 rreum
181 1084 348 1164 obsignatas
370 1086 569 1165 derectaeque
580 1087 699 1150 Romam
717 1105 774 1148 uon
789 1091 969 1169 repperisset
982 1092 1011 1151 in
1027 1108 1095 1152 arca

97 1174 153 1234 nisi
173 1172 263 1232 relata
284 1190 384 1232 rursus
404 1170 439 1231 ad
452 1170 600 1250 templum.
630 1172 724 1232 Unum
738 1181 766 1232 et
780 1173 899 1234 alterum
914 1175 1094 1250 consuleres,

17 1283 21 1289 ⁴
98 1255 203 1325 oblatis
218 1257 376 1335 prouinciis
390 1273 448 1316 non
463 1273 548 1315 ausus
561 1273 578 1314 e
592 1273 626 1315 se
640 1255 792 1332 dimittere,
808 1275 899 1336 usque
913 1274 950 1316 eo
966 1257 1094 1335 detinuit,

97 1341 194 1402 donec
217 1357 408 1401 successores
433 1349 502 1418 post
527 1338 638 1417 aliquot
665 1357 756 1400 annos
776 1329 976 1418 praesentibus
997 1340 1094 1410 daret;

98 1443 162 1485 eum
186 1425 300 1484 interim
324 1432 456 1484 manente
479 1423 569 1484 cilicii
588 1423 672 1483 titulo
695 1425 781 1484 etiam
802 1425 953 1502 delegaret
974 1425 1095 1503 plurima

63 1503 227 1585 =ssassidue,
251 1522 324 1586 quae
346 1507 388 1567 illi
412 1525 465 1586 per
485 1508 600 1584 legatos
621 1515 650 1566 et
672 1506 816 1568 adiutores
836 1525 904 1568 suos
925 1506 1094 1586 exequenda

97 1601 240 1654 curarent.
266 1592 373 1652 Nurum
392 1609 428 1652 ac
444 1600 569 1670 nepotes
586 1609 738 1670 numquam
758 1592 841 1653 aliter
856 1601 924 1672 post
938 1589 1091 1653 damnatio·
1101 1607 1136 1662 54

96 1695 161 1738 nem
176 1689 259 1755 quam
274 1683 422 1736 catenatos
438 1674 598 1752 obsutaque
612 1675 717 1736 leetioa
732 1675 802 1736 loco
813 1679 917 1752 movit,
940 1675 1092 1755 prohibitis

95 1779 151 1841 per
171 1760 288 1821 militem
311 1759 406 1820 obviis
429 1776 465 1820 ae
485 1758 643 1818 uiatoribus
662 1761 812 1838 respicere
828 1778 947 1839 usquam
960 1759 1009 1820 vel
1025 1777 1093 1820 eon·

96 1847 211 1907 sistere.
730 1902 732 1907 ,
925 1861 926 1864 ’
1165 1881 1168 1890 ,

60 1952 89 1993 m
158 1931 292 1990 Seianum
312 1946 362 1989 res
382 1943 474 1989 nores
495 1927 679 2005 molientem,
700 1930 828 2006 quemvis
846 1930 900 1987 iam
921 1936 950 1987 et
971 1926 1093 1987 natalem
1101 1942 1134 1997 65
1198 1942 1203 1971 ¹

96 2014 160 2075 eius
174 2014 291 2093 publiea
307 2012 451 2073 celebrari
466 2022 496 2072 et
509 2012 651 2088 imagines
666 2030 770 2073 aureas
782 2012 840 2073 ooli
852 2012 960 2091 passim
971 2010 1092 2088 videret,

94 2099 145 2159 rix
162 2097 275 2159 tandem
293 2105 323 2157 et
336 2105 399 2157 astu
413 2098 505 2175 magis
519 2114 555 2157 ac
569 2095 637 2158 dolo
653 2114 737 2175 mam
750 2096 902 2176 principali
922 2096 1093 2157 auctoritate
1107 2096 1110 2109 '

95 2182 246 2243 subuertit.
276 2180 348 2241 Nam
364 2182 475 2261 primo,
499 2190 530 2240 ut
549 2198 617 2258 ase¹
627 2198 681 2259 per
694 2182 824 2260 speciem
836 2180 956 2245 honoris
973 2179 1092 2242 dimitte·

94 2277 158 2342 ret,
175 2266 321 2344 collegam
334 2265 390 2325 sihi
401 2265 559 2343 adsumpsit
569 2266 600 2325 iu
614 2266 713 2344 quinto
725 2264 889 2341 consulatu,
907 2282 992 2343 quem
1003 2264 1093 2342 longo

59 2360 86 2399 2⁵
95 2350 252 2412 intervallo
268 2347 375 2410 absens
389 2350 427 2411 ol)
440 2350 469 2411 id
484 2350 578 2429 ipsum
593 2357 774 2429 susceperat.
803 2347 914 2409 Deinde
929 2366 982 2427 spe
1002 2348 1092 2409 allini-

94 2436 164 2495 tatis
183 2454 218 2496 ac
231 2432 400 2494 tribuniciae
415 2436 568 2516 potestatis
583 2432 736 2511 deceptum
751 2434 945 2513 inopinantem
964 2432 1092 2491 crimina·

94 2528 140 2579 tus
156 2528 202 2578 est
217 2517 349 2597 pudenda
363 2517 581 2595 miserandaque
597 2519 743 2594 oratione,
761 2534 823 2576 eum
838 2516 912 2576 inter
924 2515 981 2575 alia
995 2522 1092 2592 patres

94 2602 281 2682 conscriptos
301 2612 487 2681 precaretur,
511 2598 794 2661 mitterent'alterum
810 2617 826 2659 e
842 2596 1023 2671 consulibus,
1045 2595 1092 2673 qui

93 2706 129 2748 se
147 2704 248 2748 senem
268 2695 298 2746 et
319 2686 411 2746 solum
425 2681 656 2762 inconspectum
673 2700 772 2743 eorum
787 2698 850 2742 cum
865 2679 961 2758 aliquo
978 2679 1092 2739 militari

55 2797 84 2839 so
96 2771 245 2851 praesidio
258 2770 442 2849 perduceret.
471 2768 521 2827 Sic
535 2783 651 2845 quoque
670 2765 802 2826 diflidens
817 2763 1019 2843 tumultumque
1033 2781 1091 2823 me-

93 2865 197 2931 tuens,
216 2853 339 2915 Drusum
358 2862 514 2932 nepotem,
531 2866 616 2929 quem
637 2849 760 2909 vinculis
779 2847 872 2910 adduc
889 2848 999 2908 Rornae
1023 2864 1090 2931 pon-

91 2938 218 3014 tinebat,
233 2937 318 3016 solui,
333 2938 358 2997 si
373 2955 424 2997 res
438 2943 591 3016 posueret,
610 2933 771 3011 ducemque
786 2932 919 2993 eonstitui
932 2950 1091 3012 praeeepe·

90 3032 148 3084 rat.
181 3022 297 3102 Aptatis
316 3019 539 3091 etiamnaribus
560 3018 602 3078 ad·
617 3034 811 3097 quascumque
826 3016 959 3093 legiones
975 3015 1090 3077 medita·

91 3107 181 3167 batur
198 3107 315 3184 iugem,
336 3102 570 3185 speculabundus
591 3120 629 3162 ex
645 3100 783 3161 altissima
797 3118 869 3181 rupe
883 3100 1040 3162 identidem
1054 3100 1089 3159 si·

55 3208 172 3270 segne,
194 3208 283 3269 quae,
304 3208 343 3251 ne
364 3188 453 3250 nuntii
475 3194 675 3262 morarentur,
695 3184 759 3245 tolli
775 3184 893 3265 prunul,
915 3194 945 3245 ut
966 3184 1090 3263 quidque

90 3276 205 3335 laetum
226 3274 320 3353 leret,
337 3272 531 3334 mandaverat.
567 3272 676 3331 Verum
691 3277 720 3329 et
737 3286 878 3348 oppressa
895 3268 1090 3328 coniuratione
1162 3286 1168 3305 ¹

89 3360 196 3420 Seiani
213 3356 304 3420 nihilo
327 3359 459 3421 securior
478 3364 524 3416 aut
544 3354 738 3430 constantior,
761 3371 814 3432 per
825 3369 930 3413 nouem
944 3352 1090 3431 proximos

88 3460 216 3505 menses
235 3458 293 3502 non
309 3457 449 3521 egressus
462 3449 509 3502 est
523 3440 608 3518 tilla,
624 3457 696 3521 quae
712 3446 832 3502 vocetur
844 3435 939 3579 Ima

140 3546 297 3587 SUETONIUS.
