2475 3775
458 166 666 215 PRAEFATIO.
900 170 1011 218 Lxxlx

102 326 174 383 aba.
194 329 263 385 1471
285 324 437 395 impressas
461 324 531 383 Haiu
551 333 694 381 enumerat
715 332 921 398 uo.638·1sqq.
968 330 1009 389 os

103 405 272 479 emendanda
288 408 360 463 berre
377 416 536 465 meruerunt
549 411 688 465 liebertus
696 410 853 481 Stephanos
860 406 896 483 ⁰i‘)
905 428 929 466 a.
941 418 1008 472 1519

102 501 129 549 et
142 492 301 549 Fridericus
317 492 539 564 biudenbrogius
558 500 681 561 111601,
706 500 824 565 uterque
845 489 960 550 Parisiis
981 501 1010 551 ct

100 576 236 634 Parisiris
249 576 384 632 subsidiis
400 594 477 633 usus.
522 578 555 632 Et
570 578 699 649 plurima,
717 578 772 633 uisi
790 579 881 633 omnin
899 578 1009 648 fatiunt,

102 660 192 718 codici
208 660 297 730 Regio
313 664 383 719 7920
396 660 474 717 Sacc.
489 660 535 717 Xt.
551 662 718 731 debuerunt,
734 669 883 733 quemego
899 678 1010 734 quoque

100 744 304 801 benevolentia
321 744 446 800 lacnbi
462 744 490 804 Η
496 746 603 799 unuik
614 762 651 801 er
674 746 890 815 diligentissime
917 747 992 801 colia

101 834 155 885 tum
172 828 267 883 babai,
312 826 380 884 ttius
396 828 461 885 iibri
474 835 548 884 tauta
566 835 614 883 est·
623 830 812 901 praestantia,
834 837 864 884 ut
880 830 927 885 vei
942 836 1008 901 post

102 914 278 985 Stephanum¹
299 918 329 967 et
354 912 590 983 Lindcubrogium
608 914 743 969 bonarum
764 914 915 969 lectionum
940 912 1007 970 mibi

101 1012 211 1068 quoque
236 996 413 1067 spicilegium
430 996 558 1053 relietum
580 998 665 1052 inerit
680 998 891 1067 haudquaquam
907 997 1007 1069 paeni-

101 1080 220 1137 tendum.
252 1079 312 1135 Nun
329 1079 397 1134 nulli
413 1080 475 1134 usui
492 1080 546 1135 fuit
558 1086 586 1135 et
596 1080 815 1150 Lindenbrogio,
826 1088 856 1135 nt
865 1084 1007 1154 suspicor,

101 1170 129 1219 et
144 1163 210 1219 mitri
226 1164 297 1221 alter
315 1163 405 1218 codex
419 1162 561 1219 Parisinus
575 1169 643 1224 7921
659 1165 738 1220 Saea.
754 1164 814 1219 XV.
830 1167 1008 1234 chartaceus,

100 1249 134 1303 ab
152 1247 250 1303 eedem
266 1246 355 1302 amico
369 1247 555 1312 examinatum
572 1249 622 1303 sed
636 1249 662 1303 is
671 1242 795 1304 veterum
811 1243 1009 1322 editionumffi)

99 1338 154 1387 tam
171 1331 353 1398 similisest,
378 1337 407 1385 ut
428 1332 599 1387 emendantis
625 1332 744 1388 studium
764 1350 860 1403 parurn
882 1334 1005 1388 adiuvet.

100 1414 278 1486 Eandemque
296 1414 442 1470 Leidensis
464 1415 572 1471 codicis
587 1416 724 1471 rationem
747 1433 811 1471 esse
827 1418 861 1472 ab
877 1417 1006 1471 liitscbe-

100 1501 139 1557 iic
156 1499 367 1555 certiorinctus
386 1516 460 1563 sum;
470 1522 472 1529 ·
484 1516 545 1555 uam
560 1501 596 1556 de
612 1501 753 1556 Theodori
768 1498 1006 1556 boondermakeri

15 1586 16 1593 ’
101 1582 275 1641 Uitraiectini
293 1583 421 1653 exempto
439 1582 508 1638 nihii
526 1584 561 1639 ad
577 1584 769 1639 Terentianum
784 1584 1005 1641 vitamWestcr-

99 1668 201 1725 trevias
219 1665 320 1722 attulit.
365 1666 494 1721 Ceterum
509 1668 555 1722 bie
572 1668 703 1723 brevitati
721 1684 755 1723 eo
780 1670 874 1739 magis
891 1668 1005 1725 studere

98 1751 207 1820 iicebit,
224 1750 298 1821 quod
310 1756 338 1804 et
350 1750 385 1805 de
399 1766 502 1805 summa
519 1768 551 1805 re
565 1752 663 1806 critica
679 1757 707 1805 et
721 1752 756 1806 de
768 1751 887 1821 singuiis
902 1751 1006 1823 pteris-

99 1852 154 1908 que
171 1832 314 1906 copiosius
332 1834 452 1906 exposui
470 1834 498 1889 in
511 1834 606 1890 ttuseo
622 1835 754 1890 Rhenauo
772 1840 806 1892 12
820 1852 847 1906 p.
860 1839 927 1902 174,
950 1848 1008 1904 qao

98 1920 243 1976 studiosos
258 1918 382 1974 lectores
398 1919 511 1989 delego.
546 1919 702 1974 Meminerit
717 1918 804 1988 igitur
822 1919 869 1988 qui
883 1920 937 1973 hoc
956 1935 1005 1972 ex-

98 2004 217 2075 emptum
234 2018 294 2056 cnm
311 2003 453 2073 prioribus
468 2002 600 2058 conterre
614 2003 701 2072 votet,
716 2018 848 2072 nusquam
865 2001 1006 2057 Parisino·

97 2103 159 2142 rum
177 2085 357 2144 eodioumac
372 2086 523 2157 praecipue
540 2085 703 2142 vetustioris
724 2087 916 2142 auctoritatem
933 2103 948 2140 a
963 2101 1008 2140 rue

97 2173 240 2227 desertam
255 2185 319 2225 esse
332 2171 385 2224 uisi
402 2171 509 2226 lectore
526 2172 641 2226 monito.

163 2259 230 2324 191,
248 2256 372 2310 trermit
385 2269 439 2324 ego
457 2271 508 2326 pro
524 2257 608 2309 seruit
623 2256 669 2310 vet
687 2257 796 2310 servivit
813 2253 818 2319 Ι
837 2257 903 2314 rat
915 2252 1006 2309 Atdus

97 2356 123 2394 a.
138 2341 207 2398 1617
224 2353 277 2410 pro
290 2343 331 2392 esi
349 2332 354 2414 Ι
373 2343 389 2398 't
408 2338 446 2392 ad
460 2338 596 2393 dominam
611 2339 766 2394 Romanum
781 2336 1007 2394 lacGronovius.

98 2421 205 2478 adduci
225 2420 343 2478 Roriam
361 2421 448 2493 ibique
467 2424 561 2478 venire
582 2423 728 2495 Sebopen,
751 2423 804 2478 eir.
829 2428 941 2494 111165,
961 2425 1008 2478 10.

99 2505 209 2562 uetitus
225 2513 252 2574 5,
269 2510 312 2574 14,
330 2511 364 2566 26
383 2500 387 2582 i
408 2513 439 2567 17
455 2521 546 2562 vocem
560 2505 679 2562 divinam
694 2508 818 2561 biuretus
835 2513 1010 2574 altatare

95 2603 192 2644 vocar
208 2589 271 2644 dum
290 2594 316 2644 et
331 2589 376 2644 vei
392 2605 456 2644 voce
472 2589 562 2644 diviua
582 2583 586 2666 i
606 2598 641 2649 18
654 2591 765 2646 Philum
780 2605 834 2659 ego
849 2592 903 2660 pro'
920 2588 1014 2657 sirum.

89 2673 146 2740 vet
160 2671 268 2743 firmum
286 2664 292 2748 1
312 2679 345 2732 19
359 2673 394 2726 ab
409 2673 484 2728 bisce
498 2672 597 2729 bidus.
641 2675 685 2729 Ad
701 2676 825 2730 lacunam
840 2668 1006 2742 expiandam

88 2762 215 2828 propter
237 2753 298 2830 (vei
322 2753 370 2830 ab)
392 2773 501 2812 ntorum
526 2757 701 2827 strepentium:
727 2757 813 2812 Redis
840 2753 1005 2823 addiderim,

94 2840 153 2896 cir.
168 2840 238 2896 iius.
255 2841 340 2895 tuen.
361 2846 394 2898 12
414 2858 441 2912 p.
459 2845 509 2901 187
536 2834 541 2917 1
564 2845 598 2899 23
612 2839 750 2896 Mortuost
766 2835 1007 2912 Stymphaloegn

171 3017 219 3083 65)
245 3021 308 3071 Nam
337 3023 403 3084 quod
429 3023 456 3071 iu
482 3022 569 3072 Museo
597 3021 718 3072 Rhenauo
747 3021 779 3070 12
802 3037 826 3087 p¹
854 3022 902 3071 174
928 3020 1005 3072 modo

95 3091 246 3156 suspicatus
265 3105 334 3140 eram
347 3091 427 3140 videri
440 3091 572 3140 Erasmum
588 3091 649 3141 nihii
666 3091 715 3139 nisi
732 3089 853 3154 Stephani
869 3091 1004 3140 editionem

92 3160 240 3224 repetisse,
262 3159 289 3208 id
304 3167 394 3224 postea
414 3161 449 3208 ita
465 3175 492 3210 se
507 3160 599 3210 habere
618 3162 726 3225 cognovi
760 3159 913 3225 ⁴Stephanus
937 3159 1004 3206 enim

94 3243 129 3277 ex
158 3229 240 3277 veteri
263 3229 350 3278 codice
369 3228 462 3278 Donati
482 3239 649 3279 commentum
674 3229 758 3277 multis
778 3229 840 3278 iocis
861 3228 1004 3292 castigavit,
1035 3240 1040 3261 ¹

92 3295 222 3346 Erasmus
238 3298 348 3362 panonia
364 3297 440 3347 modo
457 3306 481 3346 et
500 3314 530 3346 ex
546 3298 649 3363 ingenio
668 3297 779 3347 mutavit.

167 3364 216 3429 66)
247 3364 343 3424 Quibus
368 3368 394 3416 iu
421 3365 580 3416 conterendis
608 3381 649 3415 me
678 3367 826 3416 adiuverunt
852 3364 1004 3414 amicissime

91 3435 239 3486 Ioannes
253 3435 376 3485 Ziindel
392 3435 488 3487 Bernes
502 3432 1001 3488 etGustavusBecirerLirbeeeusis.
