2475 3775
152 181 193 242 20
204 225 221 238 „
235 191 265 239 c.
282 189 431 240 soaoour
446 187 570 247 ranno.
585 170 634 235 uu
650 187 734 236 v1na
749 187 932 238 chasanum
946 189 1015 237 mar
1031 190 1056 236 1.

155 346 296 421 ediderat,
318 338 514 426 theatrumque
541 338 669 402 summae
689 344 890 420 magnitudinis
908 334 1033 424 Tarpeio
1053 345 1139 405 monti

154 428 296 492 accubans
303 451 310 498 ;
336 430 380 486 ius
404 427 491 486 civile
512 425 547 485 ad
567 435 676 486 certum
694 427 807 488 modum
829 427 975 505 redigere,
998 437 1082 507 atque
1103 445 1140 485 ex

153 510 288 578 immensa
308 511 466 588 diffusaque
486 509 582 586 legum
606 511 690 590 copia
710 513 816 591 optima
839 530 970 590 quaeque
995 520 1026 572 et
1041 528 1139 570 neces·
1188 515 1192 521 '

152 601 228 660 saria
245 597 273 654 in
286 592 485 676 'paucissimos
507 593 643 657 conferre
671 593 777 664 libros;
802 593 995 656 bibliothecas
1015 595 1140 655 Graecas

151 679 322 762 Latinasque
353 697 422 758 quas
453 677 588 737 maximas
618 687 720 757 posset
747 678 912 758 publicare,
951 679 1015 740 data
1034 678 1161 738 vblancos

153 765 277 828 Varroni
307 781 374 822 cura
406 762 657 840 comparandarum
685 781 721 822 ac
748 761 986 839 digerendarum;
1029 763 1141 822 siccare

153 849 317 928 Pomptinas
343 845 477 927 paludes;
506 849 637 904 emittere
660 845 797 905 Fucinum
814 847 920 916 lacum;
943 849 1017 906 viam
1034 847 1141 905 munire

154 933 260 996 amari
288 932 404 1010 Supero
430 929 668 1009 perhppennini
690 930 805 990 dorsuna
829 930 865 990 ad
893 930 1018 991 Tiberim
1038 930 1140 1008 usque}

154 1015 309 1098 perfodere
332 1014 482 1083 lsthmum;
503 1013 617 1094 Dacos,
641 1015 688 1092 qui
711 1033 744 1074 se
762 1016 791 1073 in
808 1013 927 1074 Pontum
941 1023 972 1074 et
995 1004 1143 1075 'Phintiam
1199 1040 1201 1047 ·
1233 1052 1235 1065 .

155 1100 331 1173 elluderant,
351 1114 505 1168 coercere;
533 1115 600 1156 mox
622 1097 734 1158 Parthis
756 1099 865 1158 inlerrc
884 1099 992 1158 bellum
1012 1113 1065 1177 per
1087 1097 1180 1158 thr-ao

154 1185 275 1244 moniam
289 1184 443 1256 minorem,
463 1199 519 1240 nec
536 1183 589 1242 nisi
605 1191 671 1242 ante
688 1191 827 1262 expertos
847 1182 966 1260 adgredi
983 1181 1105 1262 proelio.

219 1266 298 1327 Talia
323 1273 456 1342 agentem
483 1275 568 1343 atque
596 1266 779 1326 meditantem
798 1283 876 1326 mors
895 1267 1056 1346 praevenit.
1098 1263 1144 1324 De
1178 1273 1182 1277 '

113 1356 117 1368 '
156 1369 211 1431 qua
226 1351 305 1432 prius
326 1367 408 1428 quarn
424 1347 524 1426 dicam,
537 1367 571 1410 ea
587 1367 659 1428 quae
674 1350 710 1410 ad
720 1351 840 1411 formam
850 1356 883 1410 'et
900 1349 1026 1419 habitum
1041 1359 1070 1409 et
1085 1349 1142 1430 cul-

154 1444 213 1495 tum
232 1439 270 1494 et'
284 1451 398 1508 mores,
427 1449 483 1491 nec
507 1434 598 1492 minus
627 1452 700 1512 quae
723 1434 759 1494 ad
784 1434 879 1494 civilia
900 1443 938 1493 et'
953 1433 1061 1494 bellica
1082 1435 1144 1492 eius

155 1518 247 1578 studia
261 1518 422 1596 pertineant
436 1533 494 1576 uon
509 1516 632 1576 alienum
647 1520 701 1583 erit
717 1511 873 1578 summatim
888 1535 1047 1597 exponere.
1152 1521 1181 1568 1⁵

112 1608 148 1663 45
218 1601 320 1661 Fuisse
331 1599 449 1659 traditur
463 1600 581 1660 excelsa
599 1609 716 1678 statura,
737 1601 838 1661 colore
857 1602 987 1678 candido,
1004 1599 1145 1661 teretibus

155 1683 299 1765 membris,
320 1699 372 1744 ore
388 1682 474 1762 paulo
489 1683 634 1764 pleniore,
654 1685 745 1762 nigris
760 1687 932 1765 uegetisque
949 1685 1058 1761 oculis,
1073 1684 1143 1745 vali·

154 1769 251 1830 tudine
267 1783 423 1846 prospera;
443 1767 498 1826 nisi
515 1767 590 1846 quod
604 1777 735 1848 tempore
757 1777 887 1829 extremo
910 1778 1031 1852 repente
1052 1770 1146 1828 animo
1233 1832 1235 1845 ,

153 1853 243 1933 linqui
257 1859 343 1933 atque
363 1852 447 1927 etiam
467 1870 520 1933 per
535 1869 664 1912 somnum
679 1855 821 1913 exterreri
842 1853 967 1915 solebat.
1003 1851 1146 1913 Comitiali

155 1955 269 2017 quoque
291 1934 391 1995 morbo
415 1936 460 1995 bis
481 1938 555 1995 inter
575 1956 625 1997 res
648 1936 775 2014 agendas
793 1947 943 2017 correptus
968 1946 1021 1998 est.
1059 1936 1186 1997 Circaeo

157 2022 289 2100 corporis
302 2036 397 2079 curam
417 2022 577 2096 morosior,
599 2030 630 2080 ut
647 2038 706 2081 non
720 2022 812 2082 solum
832 2022 1000 2082 tonderetur
1024 2021 1147 2099 diligen·

155 2112 201 2163 ter
221 2122 256 2163 ac
277 2098 442 2177 raderetur}
464 2103 528 2187 sed
541 2104 700 2163 velleretur
721 2108 823 2182 etiam,
851 2113 882 2164 ut
906 2104 1018 2183 quidam
1039 2121 1165 2186 exprop

156 2185 324 2255 hiaverunt;
365 2184 473 2246 calvitii
502 2202 573 2245 uero
602 2186 812 2248 deformitatem
839 2190 1015 2268 iniquissime
1045 2189 1150 2263 ferret,

156 2285 246 2347 saepe
263 2266 488 2328 obtrectatorum
509 2268 582 2329 iocis
605 2269 758 2332 obnoxiam
778 2275 925 2352 expertus
967 2272 1096 2351 Ideoque
1119 2280 1153 2331 et

156 2351 338 2412 deiicientem
355 2351 488 2429 capillum
504 2369 647 2413 revocare
669 2374 686 2415 a
706 2354 817 2416 vertice
835 2356 1023 2433 adsueverat,
1054 2366 1083 2416 et
1110 2349 1192 2414 exet

156 2434 285 2496 omnibus
316 2434 441 2494 decretis
472 2434 527 2495 sibi
555 2447 699 2498 coenatu
720 2440 888 2519 populoque
905 2440 1063 2506 honoribus
1089 2457 1154 2499 non

156 2520 230 2581 aliud
253 2526 300 2579 aut
320 2520 435 2599 recepit
455 2528 502 2581 aut
522 2524 671 2599 usurpavit
689 2522 823 2584 libentius
849 2542 934 2603 quam
957 2526 1001 2584 ius
1030 2525 1155 2584 laureae

156 2618 282 2664 coronae
297 2611 440 2682 perpetuo
455 2604 622 2681 gestandae.
848 2618 854 2629 ’

218 2688 310 2747 Etiam
333 2687 412 2746 cultu
428 2687 583 2748 notabilem
603 2688 714 2762 ierunt3
737 2710 817 2751 usum
833 2694 909 2751 enirn
930 2693 989 2751 lato
1012 2691 1157 2752 clavo-ad

155 2788 252 2830 manus
281 2770 521 2848 umhriat0,³nec
548 2781 578 2831 ut
608 2790 738 2853 umquam
766 2778 850 2836 aliter
872 2794 956 2855 quam
976 2793 1065 2853 super
1083 2791 1196 2835 eumao

157 2855 336 2929 cingeretur,
359 2862 389 2912 et
421 2855 533 2933 quidem
562 2854 684 2917 duriore
715 2861 856 2929 cinctura;
893 2860 967 2920 unde
996 2877 1159 2919 emanasse

156 2935 253 2995 Sullae
269 2934 374 2994 dietum
389 2942 541 3016 optimates
557 2944 673 3021 saepius
693 2942 889 3020 admonentis,
911 2950 947 3018 ut
958 2944 1040 3004 mdc
1050 2962 1157 3022 prae-

112 3026 147 3080 46
157 3018 285 3079 cinctum
305 3021 434 3094 puerum
457 3027 609 3084 caverent.
637 3023 782 3086 Habitavit
803 3029 894 3105 primo
917 3030 945 3086 in
961 3027 1074 3087 Subura
1087 3034 1159 3088 trao-

155 3102 227 3161 dicis
248 3098 380 3171 aedibus;
409 3114 476 3183 post
503 3114 596 3164 autem
619 3110 813 3190 pontificatum
834 3113 984 3170 maximum
1003 3114 1032 3171 in
1058 3112 1163 3172 Sacra

155 3188 202 3244 via
222 3184 306 3243 domo
328 3185 460 3264 publica.
504 3187 700 3251 blanditiarum
723 3193 951 3274 lautitiarumque
972 3195 1199 3256 studiosisst-as

155 3288 229 3329 mum
242 3267 326 3326 multi
347 3270 547 3347 prodiderunt:
569 3274 665 3334 villam
683 3278 712 3334 in
733 3276 904 3338 Nemorensi
921 3298 937 3339 a
956 3280 1163 3340 fundamentis

155 3353 315 3415 inchoatam
340 3358 502 3440 magnoque
526 3368 642 3437 sumptu
667 3359 843 3441 absolutam,
859 3364 935 3440 -quia
957 3382 1015 3422 non
1036 3373 1103 3424 tota
1121 3364 1163 3424 ad

156 3442 275 3497 animum
300 3436 327 3496 ei
346 3436 551 3515 responderat,
574 3449 662 3502 totam
684 3443 817 3522 diruisse,
844 3463 1012 3526 quamquam
1032 3444 1178 3529 tenuem-
