2475 3775
137 147 194 238 96⁵
220 185 250 235 o.
263 139 414 236 suenoni
428 182 554 244 resno.
568 179 616 232 os
629 181 711 233 vrrs
724 181 906 232 assessore
921 169 988 228 urs.
1002 178 1051 227 111.
1103 231 1104 236 ,

38 336 42 343 ‘
139 361 288 423 numquam
308 341 490 400 remissiores
511 339 721 419 hilarioresque
743 354 893 401 sermones
912 334 1134 416 superueniente

140 445 178 488 eo
194 428 392 504 abrumperem
411 423 463 483 sed
477 434 673 503 expugnatum
689 424 826 502 precibus
841 424 940 482 uxoris
953 419 1136 498 adoptionem

140 529 199 590 non
214 510 359 584 abnuisse,
373 508 422 567 vel
433 509 518 567 etiem
534 507 689 568 ambitione
705 517 837 584 nactum,
855 515 883 566 ut
898 507 948 568 teli
962 517 1136 564 successore

141 593 363 655 desiderabilior
384 593 450 669 ipse
471 592 645 672 quandoque
660 593 754 652 lieret.
786 591 899 661 Adduci
914 599 1009 650 temen
1024 601 1135 666 nequeo

91 749 95 758 Ι
142 682 209 757 quin
223 680 398 752 existimem,
416 676 737 756 circumspectissimum
752 685 780 736 et
797 675 1046 756 prudentissimum
1062 672 1157 750 prin-e

139 766 251 842 cipum,
264 764 293 820 in
307 767 387 820 tanto
401 762 572 836 praesertim
586 762 724 839 negotio,
740 760 808 820 nihil
824 769 933 820 temere
946 758 1069 826 fecisse;
1085 749 1136 815 sed

91 894 96 907 r
139 844 341 924 sitiisl'ilserii
363 842 574 922 virtutibusque
596 846 750 926 perpensis
773 846 904 923 potiores
919 843 1036 903 duxisse
1051 840 1135 899 virtu-

139 940 201 1008 tes,
224 928 395 1009 praesertim
416 945 480 986 eom
501 937 530 988 et
551 932 594 990 rei
616 948 646 1009 p.
662 947 755 990 eausa
782 928 924 1007 adoptare
947 944 980 986 se
1000 938 1064 984 eum
1083 939 1137 1003 pro

140 1017 277 1076 contione
302 1011 453 1089 iuraverit,
481 1021 511 1071 et
538 1015 672 1092 epistolis
692 1014 802 1092 aliquot
823 1021 854 1071 ul
875 1010 1077 1091 peritissimum
1094 1008 1137 1068 rei

139 1098 268 1159 militaris
293 1105 382 1175 utque
406 1097 519 1155 unicum
541 1097 573 1156 P.
594 1099 630 1159 lt.
657 1098 830 1178 praesidium
857 1103 1059 1174 prosequetur.
1091 1091 1171 1154 unu

141 1182 244 1262 quibus
260 1183 289 1241 in
304 1179 467 1257 exemplum
482 1197 574 1262 peuce
588 1182 656 1243 lrinc
670 1181 735 1242 inde
752 1181 872 1242 subieci.
964 1239 967 1244 ,
982 1211 986 1220 ,

204 1264 295 1341 Vale,
312 1263 531 1325 iucundissime
549 1263 667 1343 Tiberi,
690 1273 718 1327 et
730 1265 864 1344 feliciter
878 1283 943 1334 rem
957 1281 1046 1344 μονα,
1069 1253 1154 1342 ἐμοὶΙ

140 1344 196 1411 nui
221 1359 291 1422 ταῖς
309 1349 399 1428 *μον
422 1366 476 1408 ιοα
495 1367 601 1410 curere
622 1346 825 1431 στρατηγῶν.
864 1347 1089 1410 Iucundissime
1113 1351 1141 1406 et

139 1435 186 1496 ita
199 1436 257 1495 sim
269 1434 366 1513 felia,
382 1433 433 1492 eir
442 1431 612 1510 fortissime
626 1443 655 1496 et
667 1435 733 1496 duc
747 1425 968 1515 νομιμώτατε,
983 1429 1063 1492 cale.

203 1517 350 1593 Ordinem
366 1517 553 1578 aestivorum
566 1522 706 1581 tuorum!
727 1518 795 1600 Εμο
812 1536 903 1594 cero,
918 1519 961 1578 mi
979 1516 1095 1591 Tiberi,
1113 1522 1173 1575 etse

129 1603 219 1663 ’inter
247 1608 291 1664 tot
314 1619 420 1662 rerum
446 1600 646 1679 difficultates
671 1597 727 1665 uui
753 1595 920 1682 τοσαύτην
946 1591 1141 1680 ἆποθνμίαν

139 1683 207 1746 τοῖν
228 1681 505 1769 στρατευομένων
524 1705 586 1748 non
602 1688 742 1768 potuisse
762 1705 942 1768 quemquam
959 1685 1142 1766 prudentius

27 1775 30 1780 ’
139 1789 248 1850 qerere
260 1788 294 1831 se
307 1789 399 1851 qnam
413 1776 446 1830 tu
458 1774 613 1851 cesseris,
630 1773 780 1834 existimo.
809 1770 839 1832 li
853 1788 972 1852 quoque
982 1771 1034 1850 qui
1046 1776 1142 1830 lecum

138 1853 264 1934 ruenni
280 1874 383 1919 omnes
397 1856 594 1935 confitentur,
609 1877 732 1927 uersum
747 1858 832 1919 illum
844 1857 876 1918 in
888 1863 919 1941 ¹te
931 1871 1027 1935 posse
1041 1853 1122 1916 dici:

203 1964 205 1969 ·
326 1946 403 2003 Unus
421 1946 500 2001 homo
518 1937 595 2004 naid
615 1950 752 2024 cr’qtleudo
771 1944 889 2002 restituit
902 1961 971 2001 rum.
1151 1950 1175 1991 ν

139 2097 146 2107 ,
202 2024 277 2085 Sine
300 2026 376 2105 quid
397 2024 509 2087 incidit
531 2027 570 2086 de
594 2039 653 2108 quo
679 2028 720 2087 sit
739 2026 935 2106 coqitandum
954 2024 1141 2104 diliqentius,

139 2110 205 2168 sice
218 2109 293 2186 quid
309 2110 488 2170 stomachor
501 2111 737 2187 sordescentes
751 2108 860 2171 Fidius
878 2108 1032 2170 Tiberium
1045 2126 1144 2168 meum

140 2191 299 2266 desidero,
313 2192 528 2272 succurritque
540 2213 651 2255 versus
667 2196 718 2255 ille
732 2192 915 2256 Homericus

266 2269 381 2334 Τούτου
393 2267 418 2355 γ’
436 2272 624 2353 ἑσπομένοιο,
641 2278 693 2339 καὶ
711 2274 743 2357 ἔτι
759 2269 852 2358 πυρὸς
867 2275 1038 2355 αἰθομένοιο
1061 2282 1064 2293 ’

257 2350 367 2435 ’Ἀμφω
381 2351 591 2440 νοστήσαιμεν,
607 2360 670 2423 e'nel
685 2362 815 2443 περίοιδε
829 2364 945 2439 νοῆσαι.
997 2394 1003 2417 t
1154 2368 1179 2408 ²⁵

202 2441 400 2507 Attenuatum
420 2450 449 2505 te
467 2464 536 2507 esse
552 2449 780 2510 continuatione
795 2446 937 2509 laborum
955 2463 1022 2505 cum
1045 2443 1144 2505 audio

139 2534 169 2589 et
189 2527 272 2612 ieqo,
289 2527 323 2588 di
335 2547 382 2589 me
391 2529 529 2609 padani
541 2534 604 2593 nisi
616 2531 808 2593 cohorrescit
824 2549 939 2611 corpus
953 2548 1050 2591 meum
1058 2552 1073 2599 ,·
1100 2536 1142 2589 le·

139 2630 197 2691 que
216 2632 272 2692 oro
294 2620 329 2674 ut
344 2632 467 2692 parcas
487 2614 558 2692 tibi,
583 2635 622 2677 ne
634 2617 706 2693 site
721 2616 869 2697 lanquere
886 2614 1093 2689 audierimus,
1115 2618 1146 2671 et

139 2714 195 2774 cqc
211 2704 241 2758 et
250 2705 349 2759 mater
364 2706 418 2759 tua
432 2700 608 2779 expiremus
624 2708 653 2763 et
666 2699 705 2763 de
720 2717 840 2763 summa
853 2698 965 2779 imperi
976 2699 1027 2762 sui
1039 2714 1142 2775 popu-

138 2778 189 2839 lus
200 2780 239 2841 lt.
253 2782 455 2860 periclitetur.
1154 2790 1180 2833 ³⁰

198 2862 286 2926 Niiil
298 2867 426 2928 interest
440 2866 563 2930 caleam
578 2858 647 2950 ipse
660 2886 769 2947 necne,
788 2868 817 2929 si
830 2874 861 2929 tu
877 2884 939 2929 non
951 2862 1082 2927 valebis.

186 2944 283 3009 -Decs
298 2948 443 3029 obsecro,
465 2959 500 3013 ut
513 2960 541 3015 te
554 2954 645 3016 nobis
660 2959 841 3021 conseruent
854 2958 883 3013 et
897 2952 1003 3013 colere
1018 2954 1147 3011 nuncet

96 3048 260 3155 22semper
270 3033 448 3112 patentur,
466 3032 618 3135 si'non‘l’.
630 3037 673 3137 li.
688 3037 797 3115 perosi
809 3042 889 3133 sunt.
1073 3118 1080 3133 ι

201 3114 363 3177 Excessum
378 3117 501 3196 Augusti
516 3141 574 3183 non
592 3140 672 3203 prius
688 3121 782 3200 pelam
797 3122 882 3198 lectt,
906 3137 991 3199 quum
1006 3118 1145 3197 Agrippa

139 3202 243 3261 iuvem
262 3201 447 3281 interempto.
478 3202 559 3276 Hunc
579 3205 708 3266 tribunus
731 3205 848 3266 militum
871 3214 969 3265 eustos
988 3202 1146 3283 appositus
1155 3220 1180 3261 ss

139 3284 361 3362 occidit,'leetis
379 3285 531 3366 codicillis,
549 3290 652 3368 quibus
667 3298 698 3348 ut
710 3289 739 3348 id
753 3288 865 3349 laceret
879 3288 1045 3356 iubebatur3
1063 3302 1144 3367 quos

140 3367 293 3433 codicillos
310 3362 424 3429 dublum
441 3369 508 3447 luit,
529 3372 716 3451 Augustusne
731 3374 856 3433 moriens
870 3372 1057 3453 reliquisset,
1083 3388 1145 3449 quo

139 3458 285 3517 materiam
307 3454 441 3515 tumultus
461 3464 529 3527 nost
550 3474 584 3516 se
607 3456 796 3526 subducerem
820 3474 855 3517 eo
877 3459 991 3517 nomine
1013 3456 1146 3533 Augusti
