2475 3775
134 149 196 213 240
220 161 251 210 c.
264 160 414 212 suurorn
430 159 558 221 resno.
571 159 619 208 on
635 157 1085 214 vurs·osussnuun1u.v111.
1130 191 1132 196 -
1210 135 1212 142 '

134 333 214 395 nam,
239 317 343 396 partim
361 315 454 376 subici
471 331 508 376 ac
527 317 629 375 venire
643 299 810 395 imperarit,
832 315 935 396 partim
954 317 983 374 in
1004 319 1127 396 asperri·

133 418 195 461 mas
211 400 368 462 insularum
382 398 477 460 avehi.
510 399 608 478 thue
622 400 708 460 etium
724 399 828 460 similia
850 399 1024 478 quandoque
1047 416 1126 462 ausu·

132 503 183 545 ros
199 493 345 564 perpetuo
363 492 528 562 coerceret,
543 485 635 543 vetuit
647 485 723 544 iuter
738 491 837 544 cetera
853 483 889 542 de
905 483 1006 544 eudem
1022 499 1054 544 re
1066 485 1126 564 plu·
1189 536 1200 576 ,

102 599 105 605 ·
132 567 212 629 ribus
227 568 344 648 legibus
358 571 424 646 agi,
442 569 582 649 qnaerire
597 566 635 628 de
651 568 817 646 cuiusquam
833 565 1034 628 defunctorum
1055 577 1127 630 statu

132 653 208 714 ulma
224 663 324 715 certos
338 668 438 716 annos.
855 669 858 674 ’
911 663 914 682 ’
1136 676 1147 716 s

102 744 122 801 ⁹
194 737 395 799 Pontificatum
409 737 561 798 maximum
574 737 642 798 ideo
660 755 693 798 se
710 737 863 816 professus
879 737 1017 814 accipere
1032 745 1125 816 utpu-

130 840 180 882 ros
194 831 328 883 servaret
341 839 457 900 manns,
472 820 560 882 iidem
574 823 732 901 praestitit,
748 839 805 881 uec
821 829 922 882 auctor
941 819 1066 900 posthac
1081 838 1125 880 cn·

131 909 263 985 inspuunt
283 907 366 966 necis
387 923 443 965 nec
467 905 621 981 conscius,
650 907 790 984 queritis*
806 904 947 966 interdum
969 903 1126 966 ulciscendi

132 1007 219 1051 causa
235 1006 295 1049 nou
312 989 444 1065 deesset,
468 987 521 1048 sed
530 989 705 1067 periturum
719 1006 754 1051 se
763 988 871 1067 potius
886 1005 979 1068 quom
989 988 1126 1067 perditu-
1209 1025 1212 1048 r

130 1091 200 1134 rum
210 1073 353 1134 adiurans.
377 1072 458 1139 Duos
471 1073 583 1151 patricii
594 1075 713 1151 generis
726 1075 878 1134 conuictos
891 1074 920 1132 in
933 1073 1157 1137 adfectationem

130 1157 261 1235 imperii,
284 1155 353 1218 nihil
374 1155 496 1234 emplius
516 1173 601 1236 quarn
621 1167 651 1217 ut
671 1157 846 1218 desisterent
872 1157 994 1235 monuit,
1019 1155 1127 1218 docens

129 1240 340 1319 principatum
352 1240 423 1319 foto
438 1239 522 1317 duri,
538 1243 563 1302 si
579 1241 647 1321 quid
662 1251 819 1321 praeterea
833 1240 1046 1318 desiderarent,
1062 1259 1127 1321 pro·

130 1325 245 1384 mittens
268 1343 302 1386 se
325 1327 509 1395 tributurum
531 1334 561 1385 et
583 1325 737 1385 confestim
753 1324 869 1404 quidem
886 1325 922 1385 ad
937 1325 1057 1386 alterius
1072 1343 1127 1385 ma-

129 1417 308 1487 trem,'quae
322 1409 427 1488 procul
447 1408 565 1488 aberet,
589 1420 732 1470 cursores·
749 1427 819 1470 suos
839 1410 931 1486 misit,
954 1409 1002 1487 qui
1027 1411 1129 1470 anniae

130 1490 242 1552 salvum
254 1493 343 1554 filium
358 1493 535 1571 nuntiarent,
557 1502 686 1553 ceterum
699 1495 783 1573 ipsos
804 1510 862 1554 non
873 1492 977 1554 solum
996 1493 1158 1556 familiario

131 1593 241 1636 caenae
263 1576 405 1655 adhibuit,
426 1576 527 1637 sedet
547 1577 713 1656 insequenti
735 1577 783 1637 dic
803 1577 993 1655 gladiatorum
1011 1585 1128 1656 specta·

131 1649 197 1717 culo
212 1661 341 1726 cirease
353 1679 392 1720 ex
412 1660 549 1722 industria
572 1661 735 1722 conlocatis
760 1661 858 1723 oblata
878 1659 933 1721 sibi
954 1659 1129 1735 ferramenta

130 1746 316 1822 pugnantium
341 1744 522 1824 inspicienda
548 1745 689 1823 porrexit.
740 1745 852 1805 Dicitur
879 1746 983 1821 etiam,
1011 1745 1129 1822 cognita
1209 1769 1212 1870 1

128 1828 277 1908 nutusque
288 1829 432 1909 genitura,
443 1828 600 1891 imminere
611 1827 762 1891 ambobus
770 1827 1127 1909 perimtlumadirurase,

127 1929 235 1973 cosm
249 1913 435 1995 quandoque
449 1920 479 1975 ct
491 1914 533 1975 ob
548 1914 637 1985 olr'0,·
653 1916 727 1973 siout
743 1915 850 1974 evenit.
1135 1932 1158 1973 ro

192 1996 323 2058 Fratrem
338 1998 466 2059 insidiari
483 1999 539 2058 sibi
552 2016 611 2059 uon
626 1998 815 2075 desinentem,
834 1996 886 2057 scd
898 2014 993 2076 paene
1008 2014 1047 2057 ex
1060 2013 1126 2077 pro-

128 2079 211 2138 fesso
224 2080 428 2143 sollicitantem
441 2083 599 2159 exercitus,
615 2081 800 2143 meditantem
821 2082 936 2159 fugam,
959 2100 1055 2160 neque
1079 2098 1126 2141 oc·

128 2160 229 2222 cidere
245 2182 342 2242 neque
358 2183 504 2243 seponere
519 2184 555 2226 ae
574 2184 612 2225 ne
632 2168 661 2226 in
680 2167 793 2227 minore
812 2166 926 2245 quidem
946 2164 1060 2226 bonore
1079 2165 1126 2225 bu²

127 2243 200 2304 bere
218 2248 365 2326 sustinuit,
382 2249 450 2325 sed,
467 2257 528 2309 uta
544 2250 638 2328 primo
653 2251 766 2329 imperii
788 2250 852 2327 die,
875 2258 1042 2311 consortem
1062 2267 1126 2310 suc·

127 2345 337 2409 cessoremque
351 2333 453 2392 testari
467 2334 678 2411 perseverarit,
694 2346 903 2418 nonnumquam
920 2342 1039 2395 secreto
1058 2352 1157 2414 pre-rs

128 2412 209 2473 cibus
232 2424 262 2475 et
281 2415 408 2476 lacrimis
426 2433 529 2494 orans,
550 2423 586 2478 ot
603 2416 728 2479 tandem
747 2424 851 2480 mutere
873 2435 950 2498 erpo
971 2436 1007 2479 se
1024 2419 1128 2480 aneso

85 2508 119 2561 10
127 2498 220 2561 vellet
234 2516 310 2561 esse.
342 2500 422 2561 luter
437 2499 512 2562 baec
527 2510 620 2562 morte
636 2512 811 2584 praeventus
826 2511 888 2581 est,
910 2503 1020 2563 maiore
1036 2502 1126 2562 bonni·

126 2602 192 2644 num
209 2583 312 2647 damno
328 2602 411 2665 quarn
426 2602 489 2645 sno.
808 2624 812 2631 ·

191 2669 375 2748 Spectaculis
390 2668 540 2748 absolutis,
556 2671 586 2730 in
602 2688 722 2750 quorum
737 2671 794 2730 fine
806 2668 917 2749 populo
931 2687 1029 2731 eoram
1040 2670 1127 2731 uber·

125 2752 175 2810 tim
190 2751 322 2831 fleverat,
338 2752 462 2815 Sabinos
476 2756 549 2834 petit
562 2754 709 2834 aliquanto
724 2754 843 2831 tristior,
861 2753 938 2833 quod
950 2754 1126 2817 sacrificanti
1135 2776 1158 2819 m
1207 2730 1208 2808 l

125 2833 222 2893 lrostia
237 2837 390 2913 aufugerat
412 2838 549 2918 quodque
568 2847 741 2917 tempestate
765 2855 869 2898 serena
888 2847 1035 2900 tenuerat.
1067 2837 1125 2898 lle-

125 2914 193 2975 inde
209 2916 243 2975 ad
262 2922 381 2996 primam
394 2923 487 2983 statim
501 2924 679 2983 mansionem
694 2922 799 2983 febrim
814 2930 949 3000 nanctus,
974 2940 1038 2983 cum
1057 2921 1126 2983 inde

126 2998 233 3059 lectica
247 3005 462 3084 transferretur,
481 3002 652 3085 suspexisse
667 3006 770 3067 dicitur
785 3004 900 3066 dimotis
922 3006 1041 3086 pallulis
1055 3024 1125 3067 cae·
1206 3000 1207 3047 l

125 3083 193 3159 lum,
209 3083 384 3165 multumque
399 3096 576 3169 conquestus
593 3076 677 3169 eripi
687 3088 749 3151 sibi
763 3090 860 3150 otram
874 3092 1055 3164 inmercum
1073 3109 1125 3151 sse·
1205 3094 1206 3101 ’

125 3182 183 3245 pce
197 3168 276 3228 enim
286 3174 401 3231 'sarcre
412 3171 509 3234 ullum
522 3192 612 3236 soum
621 3174 975 3253 fuctumpoersiterrdum,
993 3180 1126 3255 eccepto
1136 3193 1159 3235 rs

126 3249 199 3312 dom
212 3258 306 3313 tacut
316 3270 389 3313 ooo.
425 3254 458 3314 ld
478 3259 563 3336 quale
583 3260 685 3337 inerit,
708 3275 803 3338 neque
823 3264 888 3339 ipse
909 3268 977 3320 tuuc
997 3260 1128 3341 prodidit

125 3352 220 3414 neque
238 3337 369 3415 cuiquam
383 3336 470 3399 facile
491 3352 649 3403 succurrat.
682 3342 803 3421 Quidam
822 3344 974 3423 opinantur
999 3362 1126 3405 consue·

124 3417 251 3480 tudinem
265 3421 464 3501 recordatum,
483 3440 566 3501 quam
586 3444 650 3486 cum
667 3427 765 3495 fratris
784 3444 877 3489 uxore
898 3427 1048 3500 babuerit;
1072 3425 1128 3489 sed

1201 3534 1204 3721 Ι
