2475 3775
163 131 223 193 ιιι
252 143 282 191 c.
299 141 449 191 sacrorn
463 139 591 200 renuo.
607 139 752 187 nuvrru
768 138 951 216 conspuunt
967 139 1036 187 mo.
1050 141 1117 188 ιιιι.

119 298 123 307 “
163 299 306 360 amatorio
315 296 435 375 quidem
454 293 682 370 medicamenta,
707 293 759 355 sed
775 293 851 373 quod
868 295 899 353 in
918 294 1046 356 furorem
1062 303 1157 356 verte-

72 405 90 449 .‘
162 386 217 443 rit·
251 380 426 445 incitabatur
445 379 585 442 insomnia
603 381 741 448 manime;
762 395 872 478 neque„
873 379 951 438 'enim
978 378 1044 457 plus
1073 395 1158 456 quam

163 465 415 526 tribasnocturnis
437 461 518 522 boris
533 458 719 540 quiescebat,
741 480 778 522 ac
798 463 888 523 neiis
913 462 1028 562 quidem
1043 461 1157 540 placida

162 552 275 628 quiete,
297 548 349 609 sed
364 545 470 627 pavida
482 547 562 605 miris
580 563 678 606 rerum
690 543 875 623 imaginibus,
901 555 931 606 ut
955 547 1003 624 qui
1017 547 1093 605 inter
1109 563 1155 606 ce-

161 643 240 694 teras
259 632 360 711 pelagi
375 629 518 709 qnondam
538 631 669 708 speciem
689 629 911 709 conloquentem
935 645 1034 694 secum
1057 627 1156 689 videre
1177 645 1188 684 ι

161 718 240 778 risus
258 718 303 775 sit.
347 714 477 792 Ideoque
500 730 605 789 magna
623 722 708 801 parte
730 715 825 774 noctis
843 713 961 791 vigiliae
976 711 1156 811 cubandique

156 802 256 862 taedio
271 816 348 858 nunc
361 807 425 858 toro
439 795 586 874 residens,
605 814 682 859 nnuc
696 815 750 876 per
764 797 948 874 longissimas
964 797 1094 876 porticus
1109 814 1156 856 va·

160 898 216 963 gns
230 886 367 943 invocare
381 879 536 940 identidem
551 891 639 959 atque
655 889 812 959 expectare
829 881 923 941 lucem
939 889 1102 941 consuerat.

119 972 153 1024 51
220 967 286 1027 Non
300 966 432 1026 inmerito
445 964 551 1026 mendo
563 964 712 1027 valitudini
724 964 901 1025 attribuerim
916 965 1136 1026 diuersissima
1128 981 1156 1022 nn

162 1051 265 1112 eodem
281 1049 363 1124 vitia,
381 1065 516 1107 summam
531 1047 731 1108 confidentiam
752 1051 783 1108 et'
798 1057 898 1109 contra
909 1047 1027 1109 'nimium
1040 1056 1154 1108 metum.
1165 1067 1187 1108 ιι

124 1129 127 1137 ’
160 1134 233 1196 Nam
249 1133 297 1211 qni
315 1131 388 1192 deos
405 1138 483 1191 tauto
500 1148 592 1210 opere
612 1133 826 1210 contemneret,
844 1131 886 1192 'ad
906 1130 1018 1194 minima
1033 1131 1156 1192 tonitrua

162 1227 193 1278 et
205 1217 320 1293 fulgura
338 1217 495 1291 conivere,
502 1223 614 1296 capnt
629 1214 803 1293 obvolvere,
825 1225 854 1276 at
876 1233 946 1276 uero
965 1217 1076 1278 maiore
1090 1231 1156 1294 pro

161 1303 260 1381 ripere
280 1317 314 1359 se
327 1318 344 1359 e
358 1307 448 1365 strato
466 1298 519 1358 snb
542 1298 707 1400 lectumque
723 1298 850 1360 condere
867 1299 990 1362 solebat.
1022 1298 1155 1375 Peregri-

161 1386 279 1446 natione
299 1383 413 1462 quidem
433 1375 605 1443 Siciliensi
596 1383 689 1443 irrisis
702 1383 825 1454 multum
848 1383 979 1445 locorum
1001 1381 1156 1456 miraculis,

161 1477 284 1548 repente
304 1486 321 1527 a
341 1467 475 1528 Messana
493 1477 581 1528 noctu
598 1467 728 1546 profugit
741 1466 865 1528 Aetnaei
889 1467 1009 1530 veihsis
1020 1466 1108 1526 fumo
1123 1483 1187 1526 acns

161 1551 497 1630 murmurepavefactus.
540 1550 699 1611 Aduersus
710 1551 852 1612 barbaros
869 1567 986 1631 quoque
999 1550 1156 1630 minacissi-

79 1704 83 1708 ,
107 1712 110 1718 ¹
161 1654 239 1712 mus,
270 1653 333 1694 cum
354 1644 433 1695 traua
448 1635 580 1696 Rhenum
601 1637 675 1696 inter
690 1637 839 1712 augustias
855 1636 1032 1714 densumque
1053 1649 1157 1711 agmen

59 1772 61 1784 .
152 1717 340 1780 iteressedo
360 1719 488 1797 faceret,
521 1718 636 1780 dicente
661 1719 786 1797 quodam
810 1737 867 1780 non
892 1720 1069 1779 mediocrem
1093 1717 1163 1777 fore

91 1873 102 1883 ¹
161 1805 430 1864 consternationem
445 1803 564 1867 sicunde
585 1802 677 1863 hostis
696 1811 849 1883 appareat,
870 1821 973 1883 equum
997 1797 1065 1861 ilico
1088 1817 1156 1859 con-

161 1889 274 1950 scandit
287 1905 324 1949 ac
344 1905 471 1967 propere
486 1907 623 1949 reversus
639 1886 675 1947 ad
696 1897 816 1987 pontes,
837 1895 868 1947 ut
892 1906 944 1948 eos
961 1883 1111 1947 calonibus
1128 1893 1187 1944 eto

161 1972 372 2052 impedimentis
392 1974 515 2052 stipatos
534 1974 681 2052 repperit,
703 1973 854 2052 impatiens
876 1988 980 2033 moras
991 1987 1044 2048 per
1059 1986 1157 2029 manus

152 2075 196 2117 ac
212 2074 302 2133 super
317 2058 413 2134 capita
431 2056 576 2117 hominum
595 2056 751 2124 translatus
772 2064 826 2116 est
868 2052 938 2116 llox
957 2056 1042 2113 etiam
1064 2051 1157 2112 audita

160 2137 325 2199 rebellione
346 2137 515 2200 Germaniae
521 2141 649 2218 ,fugam
666 2148 697 2198 ct
717 2139 844 2199 subsidia
863 2139 951 2215 fugae
973 2138 1086 2197 classes
1109 2154 1157 2214 ap

162 2220 296 2300 parabat,
314 2240 371 2282 uno
397 2222 501 2281 solatio
527 2222 736 2321 adquiescens,
752 2226 971 2284 mansmarinas
996 2230 1078 2280 certe
1104 2219 1158 2280 sibi

129 2360 131 2364 .
162 2304 360 2383 superfuturas
375 2306 558 2383 provincias,
579 2308 604 2365 si
618 2308 747 2366 victores
761 2306 901 2386 Alpium
893 2324 975 2383 nuga,
994 2314 1026 2364 ut
1038 2293 1187 2377 Cimbrum

160 2389 210 2449 uel
231 2389 316 2449 etiam
337 2386 455 2465 urbem,
478 2397 509 2448 ut
529 2390 663 2449 Senones
690 2390 846 2469 qnondam,
865 2397 1058 2471 occuparent;
1084 2387 1158 2447 unde

162 2472 252 2547 credo
281 2472 505 2552 percussoribus
533 2474 596 2533 eius
627 2482 731 2551 postea
761 2475 911 2536 consilium
937 2482 1048 2549 uatum,
1083 2470 1157 2550 apud

160 2556 362 2618 tumultuantes
382 2556 489 2617 militas
506 2557 693 2633 ementiendi,
716 2560 809 2637 ipsum
830 2556 886 2617 sibi
907 2574 1006 2619 manus
1025 2556 1157 2615 intulisse

160 2642 259 2701 nuntio
273 2641 367 2711 malac
383 2658 498 2719 pugnae
514 2642 707 2721 perterritum.

119 2732 155 2786 52
225 2727 340 2785 Vestitu
357 2724 538 2804 calciatuque
555 2732 584 2785 et
600 2735 702 2786 cetero
720 2724 817 2787 habitu
839 2730 934 2803 aeque
953 2725 1047 2803 patrio
1062 2726 1186 2801 nequeat

163 2808 257 2882 civili,
286 2826 322 2869 ac
343 2826 380 2867 ne
396 2810 470 2869 virili
487 2808 602 2889 quidem
616 2826 652 2869 ac
667 2810 791 2887 denique
812 2808 936 2869 humano
956 2825 1074 2887 semper
1090 2823 1157 2867 usus

162 2897 216 2948 est.
260 2892 357 2969 Saepe
371 2890 502 2971 depictas
520 2902 736 2973 gemmatasque
753 2892 864 2952 indutus
885 2892 1042 2971 paenulas,
1062 2906 1157 2950 manu·

162 2974 255 3033 leatus
269 2982 299 3033 et
312 2974 493 3036 armillatus
485 2996 514 3037 m
529 2976 675 3057 publicum
690 2977 848 3056 processit;
877 2975 1032 3055 aliquando
1051 2975 1157 3035 serica·

161 3066 208 3117 tus
223 3064 255 3115 et
268 3056 450 3130 cycladatum
477 3079 512 3121 ac
531 3060 662 3121 modom
683 3060 809 3140 crepidis
822 3059 871 3121 vel
884 3060 1050 3137 cothurnis,
1072 3057 1156 3117 modo

160 3142 190 3201 in
216 3140 409 3219 speculatoria
435 3143 547 3221 caliga,
571 3161 779 3222 nonnumquam
804 3162 896 3205 socco
923 3142 1073 3212 muliebri;
1097 3142 1156 3221 ple·
1146 3152 1186 3194 -ιι

161 3242 281 3303 rumque
302 3240 374 3281 uero
395 3242 483 3285 aurea
505 3226 609 3305 barba,
631 3228 738 3301 fulmen
759 3237 861 3288 tenens
883 3237 930 3303 aqt
949 3228 1090 3287 fuscinam
1112 3232 1158 3285 aut

163 3309 320 3370 caduceum
335 3305 453 3366 deorum
474 3310 611 3386 insignia;
639 3320 724 3389 atque
740 3314 825 3373 etiam
842 3313 967 3373 Veneris
988 3310 1068 3371 cultu
1090 3325 1157 3370 con-

163 3403 281 3474 spectus
299 3398 354 3451 est.
398 3389 610 3469 Triumphalem
631 3395 744 3473 quidem
767 3404 896 3457 ornatum
916 3397 1002 3455 etiam
1026 3404 1093 3455 ante
1109 3410 1157 3453 ex·
1215 3400 1217 3407 ⁴
