2475 3775
485 185 516 236 e.
539 183 735 238 carneuna.¹
931 247 935 252 ,
1043 177 1102 252 129

103 340 168 419 siue
183 340 304 417 iurgiis
316 352 322 365 ‘
334 341 409 403 llam
424 356 487 404 vox
504 333 702 405 comminantis
718 345 811 408 audita
831 353 891 408 est:
901 339 996 431 '‘Hp'
1017 343 1103 414 ἀνά-

106 411 180 501 ειρ’,
202 410 303 502 ἧὲγώ
322 421 376 486 σέ·
403 427 672 504 dunscanorum,
698 435 730 488 ut
751 431 912 509 referebat,
935 442 964 494 ct
984 438 1013 496 in
1035 455 1102 497 con-

104 505 265 566 tubernium
294 509 371 568 ultro
407 511 561 588 invitatusp
596 528 684 590 super
714 514 850 592 templum
881 515 947 576 btvi
979 519 1103 596 Augusti

103 597 194 668 ponte
209 595 396 671 transmisso,
424 594 562 656 Palatium
575 593 805 676 Capitoliumque
832 601 988 660 coniunxit
1022 603 1103 680 lior,

78 684 163 753 equo
187 676 308 760 propior
323 687 416 755 esset,
447 680 476 738 in
494 697 562 740 area
584 678 746 758 Capitolina
769 692 865 742 norae
884 682 987 744 domus
1005 686 1110 764 lunda-t

102 765 199 817 menta
220 760 301 820 iecit.
829 782 833 800 ·

166 841 318 922 Agrippae
339 858 372 904 se
389 854 527 923 nepotem
547 865 642 926 neque
667 847 746 908 credi
767 861 871 928 neque
884 849 939 910 diei
962 851 1001 910 ob
1020 829 1144 928 iano-23

101 925 252 1006 bilitatem-
264 930 326 989 cius
346 929 478 1006 volebat,
500 931 762 1012 suscensebatque,
785 929 883 1010 'siqui
903 933 951 993 vel
972 932 1103 994 oratioue

101 1009 152 1070 vel
172 1013 299 1073 carmine
318 1011 488 1091 imaginibus
500 1031 576 1074 «eum
597 1007 753 1076 caesaram
773 1018 943 1076 insererent.
988 1018 1101 1079 Praedi-

64 1114 91 1155 ιο
104 1094 189 1155 eabat
208 1105 305 1158 autem·
320 1090 439 1158 matrem
459 1105 596 1180 suamex
616 1099 746 1175 incesto,
770 1098 847 1178 quod
863 1101 1010 1180 Augustus
1039 1118 1102 1162 eum

100 1177 173 1240 Iulia
201 1178 260 1241 blla
289 1181 465 1259 admisisset,
495 1191 694 1261 procreatam
724 1199 846 1244 acuon
873 1193 1023 1245 contentus
1047 1185 1102 1256 bau

101 1263 232 1340 Augusti
249 1267 457 1344 insectatione,
483 1267 620 1329 Actiacas
643 1267 815 1346 Siculasque
836 1269 998 1346 victorias,
1014 1277 1044 1328 ut
1058 1270 1100 1328 iu-

87 1352 200 1407 ·nestas
220 1348 252 1408 P.
267 1350 303 1410 li.
326 1357 355 1408 et
378 1352 578 1428 calamitosas,
606 1353 698 1412 vetuit
714 1351 911 1411 sollemnibus
923 1353 1003 1411 feriis
1024 1352 1100 1412 eele-

100 1430 189 1491 brari.
232 1432 340 1493 lliviam
357 1434 517 1512 Augustam
539 1437 703 1515 proauiam,
734 1435 849 1496 Ulixem
873 1435 1006 1494 stolatum
1022 1435 1100 1494 iden·
1173 1514 1179 1520 ι

62 1515 188 1574 tetidem
218 1516 386 1596 appellius,
424 1519 509 1579 etiam
537 1519 724 1596 ignobilitatis
757 1519 876 1597 'quadam
906 1518 941 1578 ad
973 1527 1104 1578 senatum

99 1594 224 1677 epistula
255 1596 379 1678 arguere
411 1621 498 1662 ausus
523 1612 582 1680 est,
607 1605 691 1682 quasi
718 1611 847 1662 materno
871 1619 924 1662 avo
946 1601 1102 1662 decurione

97 1682 236 1742 Fundano
254 1695 359 1755 ortam;
385 1704 449 1746 cum
471 1686 594 1764 publicis
611 1688 801 1746 monumentis
823 1695 932 1749 certum
947 1687 998 1762 sit,
1023 1685 1099 1745 riud-

98 1766 175 1827 dium
189 1765 349 1829 Lurconem
369 1766 479 1829 R'omae
500 1769 657 1831 honoribus
678 1771 814 1830 muctam.
845 1770 937 1829 Arias
959 1768 1099 1828 Antoniae

98 1846 243 1911 secretum
259 1848 368 1933 petenti
384 1851 556 1931 denegarit,
582 1850 638 1915 nisi
652 1863 682 1914 ut
698 1853 886 1914 interveniret
899 1851 998 1913 lllacro
1015 1867 1114 1930 prae·¹

61 1936 213 2011 anicetus,
246 1955 279 1996 ao
297 1945 353 2016 per
369 1938 452 1997 istius
471 1938 548 1997 modi
569 1937 754 2015 indignitates
775 1947 804 1997 c't
827 1936 1031 1997 taedia'causa
1051 1952 1099 1993 ex·

98 2020 157 2080 titit
171 2023 300 2097 mortis,
330 2019 396 2081 dato
428 2031 536 2098 tamen,
568 2031 599 2081 ut
627 2021 740 2099 quidam
771 2029 883 2107 putant,
911 2028 940 2079 et
970 2034 1099 2085 veneno;

96 2121 154 2162 nec
174 2103 439 2166 deiunctae-ullum
467 2098 606 2166 bonorem
634 2104 748 2180 habuit,
780 2105 989 2183 prospexitque
1002 2120 1030 2187 Δο
1052 2102 1099 2160 tri·

98 2186 187 2246 clinio
220 2188 367 2248 ardentem
399 2205 512 2267 rogum.
555 2188 687 2249 hamam
720 2186 864 2262 Tiberium
893 2188 1125 2265 inopinantem„

97 2280 223 2349 repente
245 2274 372 2332 immisso
392 2273 506 2334 tribuno
535 2272 670 2350 militum,
698 2274 857 2340 interemit;
885 2272 1012 2332 Silanum
1028 2270 1100 2327 'item

59 2366 234 2416 assocerum
254 2356 291 2416 ad
311 2373 414 2416 necem
437 2355 637 2436 secandasque
659 2357 801 2417 novacula
827 2358 927 2417 lauces
948 2352 1100 2431 compulit:

97 2435 232 2499 causatus
254 2442 436 2520 inutraque,
468 2441 546 2520 quod
565 2440 612 2500 hio
635 2443 798 2517 ingressum
815 2458 848 2500 se
866 2438 1003 2499 turbatius
1020 2450 1099 2495 mare

96 2538 155 2596 nou
170 2519 252 2583 esset
264 2534 380 2583 secutus
395 2544 430 2584 ac
445 2543 499 2604 spe
515 2525 689 2603 occupandi
699 2524 819 2599 urbem‚'
847 2524 872 2583 si
892 2520 960 2599 quid
976 2519 1029 2579 sibi
1040 2527 1099 2594 'per

95 2615 287 2685 tempestates
310 2608 472 2684 accideret,
496 2610 695 2675 remansisset;
723 2609 774 2666 illo
796 2605 949 2679 antidotum
971 2600 1097 2662 oboluis-

96 2697 158 2766 set,
187 2692 269 2769 quasi
292 2691 328 2751 ad
350 2689 553 2769 praecavenda
579 2708 691 2749 venena
718 2709 769 2751 sua
794 2696 949 2765 sumptum
981 2700 1043 2743 cum
1069 2688 1097 2778 ct

58 2772 212 2836 eoSilanus
242 2776 437 2853 impatientiam
466 2790 592 2833 nauseae
621 2776 742 2833 vitasset
770 2780 799 2831 et
829 2768 990 2830 molestiam
1019 2778 1097 2825 navt<

95 2856 198 2932 gandi,
230 2868 261 2917 et
273 2857 405 2917 Tiberius
430 2866 552 2937 propter
568 2855 709 2915 assiduam
724 2864 754 2915 et
775 2856 1025 2931 ingravescentem
1040 2858 1096 2909 tus

95 2941 150 2998 sim
165 2941 373 3001 medicamento
394 2958 463 3001 usus
489 2950 577 3001 osset.
621 2937 693 2999 Nam
712 2937 859 3000 Claudium
875 2946 1006 3017 patruum
1026 2950 1097 2993 non·
1169 2934 1178 2960 ‘

94 3026 150 3082 nisi
169 3025 198 3083 in
215 3024 365 3085 ludibrium
380 3026 551 3085 reservavit.
571 3030 576 3038 ‘

160 3106 231 3168 Cum
252 3108 382 3169 omuibus
406 3108 556 3169 sororibus
575 3110 633 3169 suis
657 3106 891 3167 consuetudinem
909 3104 999 3183 stupri
1014 3101 1138 3174 fecitis

57 3213 83 3253 os
94 3189 243 3271 plenoque
280 3195 415 3253 convivio
441 3194 569 3270 singulas
597 3190 671 3252 inira
701 3210 733 3251 se
761 3190 886 3251 vicissim
913 3183 1094 3281 conlocabat,

93 3294 188 3336 uxore
219 3296 305 3356 supra
336 3277 467 3338 cubante.
510 3277 557 3336 Ex
587 3278 622 3337 iis
642 3276 794 3337 Drusillam
816 3276 933 3334 vitiasse
955 3270 1096 3361 virginem

91 3370 296 3437 praetextatus
324 3362 416 3423 adhue
448 3361 575 3421 ereditur
598 3370 682 3439 atque
707 3362 791 3421 etiam
812 3358 840 3417 iu
860 3353 1013 3416 concubitu
1030 3364 1094 3445 ‘ems

91 3445 239 3518 quondam
262 3444 461 3523 deprehensus
492 3444 527 3507 ab
549 3444 674 3505 Antonia
703 3446 782 3519 avia,
813 3440 888 3519 apud
910 3452 993 3515 quam
1013 3428 1093 3489 srmul

145 3549 301 3592 suanorum.
753 3536 759 3555 ‘
