2475 3775
134 145 197 208 236
213 159 242 208 ο.
257 157 407 206 sennenn
422 155 551 247 nenne.
566 157 613 202 nn
628 155 711 206 vrrs
728 143 911 224 clusinum
929 155 997 204 uun.
1009 155 1085 204 vum.

472 490 610 545 ornos
642 487 792 546 rinus.
881 465 887 472 ’
954 535 961 547 .
1198 266 1217 588 ,j

103 672 118 724 1
199 645 289 724 Titus,
308 648 483 724 cognomine
500 655 639 726 paterno,
661 663 742 706 amor
757 662 792 704 ae
806 644 932 705 deliciae
947 647 1069 720 generis
1080 645 1130 706 bn·
1213 607 1217 726 i

134 732 220 808 mani,
240 733 365 810 (tantum
379 731 421 791 illi
440 731 477 791 ad
497 729 718 810 promerendam
740 731 865 789 omnium
885 727 1061 788 voluntatem
1083 730 1130 790 rel

134 816 244 893 ingenii
260 815 308 874 vel
322 816 393 875 artis
404 815 452 874 rel
464 815 600 876 fortunae
614 814 767 893 superfuit,
785 822 824 890 et,
845 812 922 891 quod
935 811 1130 872 difficillimum

135 909 190 976 est,
206 901 235 958 in
249 897 389 977 imperim
405 899 521 976 quondo
538 899 669 976 privatus
683 907 770 976 atque
788 897 873 958 etiam
890 889 944 956 sub
958 904 1043 974 patre
1054 897 1128 976 prin·

136 985 201 1064 cipe
216 1000 254 1040 nc
268 981 335 1042 odio
349 981 476 1060 quidam,
492 981 597 1041 nedum
610 981 827 1062 uituperatione
844 979 960 1060 publica
977 979 1084 1057 caruit)
1139 1007 1151 1046 5

103 1083 120 1134 ο
197 1065 288 1125 Natus
304 1074 350 1126 est
363 1065 414 1125 111.
429 1064 467 1126 1ss
492 1063 552 1127 lan.
575 1066 683 1144 insigni
704 1059 779 1125 anno
795 1064 902 1126 Gneus
922 1080 1014 1140 nece,
1036 1079 1129 1142 prope

135 1149 349 1228 Septizonium,
373 1148 497 1210 sordidis
513 1149 651 1228 aedibus,
678 1147 814 1209 cubiculo
835 1164 906 1208 vero
933 1164 1080 1226 perparvo
1099 1156 1131 1207 et

136 1233 280 1301 obscuro;
300 1235 381 1312 (nam
394 1243 491 1295 manet
505 1233 601 1294 adbuc
614 1243 644 1293 et
658 1233 835 1311 ostenditur)
856 1231 995 1292 educatus
1015 1232 1045 1290 in
1066 1232 1130 1292 aula

136 1334 200 1377 cum
212 1316 379 1377 Britannico
394 1317 488 1395 simul,
502 1334 539 1378 ac
554 1317 672 1396 paribus
690 1317 851 1396 disciplinis
871 1325 902 1377 et
916 1315 994 1393 apud
1007 1315 1130 1375 eosdem

133 1401 457 1478 magistrosinstitutus.
489 1401 555 1478 Quo
571 1401 686 1480 quidem
698 1411 831 1480 tempore
847 1402 924 1462 aiunt
943 1408 1129 1478 metoposco·
1139 1416 1162 1456 ιο

134 1504 212 1566 pum,
228 1503 245 1544 a
258 1479 397 1546 Narcisso
414 1485 515 1548 claudi
528 1485 634 1545 liberto
650 1485 823 1562 adhibitum,
838 1493 868 1544 ut
881 1483 1073 1544 Britannicum
1087 1483 1129 1542 in-

134 1570 278 1648 spiceret,
296 1570 527 1630 constantissime
539 1569 710 1646 affirmasse,
724 1568 803 1629 illurn
815 1567 929 1647 quidem
940 1567 1017 1628 nullo
1028 1565 1131 1642 ruodo,

135 1661 263 1712 ceterum
279 1652 380 1728 Titum,
396 1655 444 1732 qui
459 1663 528 1713 tunc
541 1671 637 1732 prope
652 1651 780 1729 astabat,
800 1652 899 1732 utique
914 1652 1130 1730 imperaturum.

134 1735 225 1796 Erant
240 1745 333 1796 autem
350 1738 425 1797 adeo
439 1737 607 1814 familiares,
622 1746 652 1797 ut
667 1736 704 1797 de
718 1737 857 1816 potione,
878 1754 934 1815 qun
949 1733 1132 1816 britannicus

134 1820 235 1880 bansta
249 1821 349 1901 periit,
367 1821 448 1882 Titus
469 1839 586 1902 quoque
610 1823 689 1881 iuxta
714 1819 823 1883 cubans
839 1829 975 1899 gustasse
995 1819 1164 1884 credaturrr

135 1908 277 1983 gravique
290 1906 394 1967 morbo
412 1906 573 1968 adflictatus
590 1906 648 1967 diu.
677 1902 818 1983 'Quorum
839 1905 963 1967 omnium
983 1921 1051 1965 mox
1071 1922 1130 1965 me·
1218 1895 1219 1985 l

134 2006 207 2066 mor,
222 1999 343 2050 statuam
357 1992 385 2051 ei
399 2008 515 2051 auream
526 1992 557 2051 in
568 1990 807 2069 Palatioposnit,
817 1998 848 2049 et
859 1989 978 2051 alteram
989 2006 1028 2049 ex
1039 1988 1132 2049 ebore
1218 1994 1219 2045 l

136 2081 310 2150 equestrem,
331 2074 550 2152 quaecircensi
564 2092 673 2153 pompa
689 2074 836 2153 hodieque
852 2074 1034 2153 praefertur,
1050 2072 1130 2133 dedi·

104 2164 122 2218 3
137 2156 214 2213 cavit
226 2166 458 2236 prosecutusque
473 2166 529 2218 est.
567 2158 600 2218 ln
616 2176 707 2237 puero
722 2159 817 2219 statim
831 2158 967 2237 corporis
987 2158 1132 2235 anianique
1218 2198 1219 2201 κ

136 2236 221 2297 dotes
238 2238 478 2317 expleuduerunt,
493 2243 644 2320 magisque
661 2260 696 2302 ac
709 2243 803 2319 magis
816 2240 957 2321 deinceps
977 2260 1032 2321 per
1053 2250 1130 2301 aeta-
1140 2265 1165 2305 ιο

135 2321 172 2380 tis
187 2319 310 2399 gradus:
325 2322 419 2384 forma
434 2324 556 2401 egregia
572 2334 601 2384 et
616 2327 662 2385 cni
677 2344 735 2385 non
750 2328 842 2386 minus
858 2326 1038 2387 auctoritatis
1053 2328 1132 2385 ines-

136 2413 183 2465 set
200 2422 284 2483 quam
298 2408 426 2485 gratiae,
442 2409 631 2488 praecipuum
643 2409 749 2486 robur,
769 2426 938 2488 quamquam
951 2427 1047 2487 neque
1063 2425 1132 2487 pro-

137 2507 205 2549 cera
219 2498 328 2551 satura
343 2500 373 2551 et
383 2500 487 2551 ventre
503 2491 589 2570 paulo
604 2494 798 2571 proiectiore;
814 2494 951 2555 memoria
961 2492 1144 2571 singularis,r

136 2573 271 2635 docilitas
284 2573 321 2635 ed
334 2577 426 2636 omnis
441 2577 505 2637 fere
521 2582 579 2636 tum
593 2576 665 2638 belli
681 2586 739 2637 turn
753 2579 835 2657 pacis
854 2586 943 2638 artes.
976 2576 1132 2637 Armorum

136 2666 166 2717 et
188 2660 332 2737 equitandi
356 2660 560 2739 peritissimus,
580 2660 680 2721 Latine
697 2660 885 2741 Graeceque,
908 2660 954 2723 uel
971 2662 999 2721 in
1018 2659 1165 2721 orandott

134 2741 184 2799 vel
200 2743 229 2800 in
243 2744 385 2821 fingendis
400 2744 591 2825 poematibus,
609 2754 762 2825 promptus
777 2745 914 2807 etfacilis
930 2746 966 2806 ad
978 2752 1132 2824 extempo-

135 2822 278 2884 ralitatem
295 2845 402 2907 usqne;
420 2829 473 2889 sed
488 2847 526 2887 ne
540 2831 667 2891 musicae
685 2828 799 2908 quidem
813 2829 909 2905 rudis,
923 2839 954 2891 ut
968 2831 1017 2907 qui
1033 2836 1132 2888 eanta-

135 2913 182 2963 ret
197 2915 227 2963 et
241 2909 383 2986 psalleret
401 2912 525 2974 iucunde
546 2915 742 2992 scienterque.
785 2910 810 2973 E
833 2912 964 2993 pluribus
986 2905 1132 2991 comperi,

88 3011 93 3021 ι
136 2989 212 3047 notis
230 3007 348 3068 quoquo
363 2999 503 3077 excipere
518 2998 704 3058 velocissime
720 2995 852 3074 solitum,
871 3015 935 3057 cunr
948 2996 1132 3057 amanuensi-

134 3072 190 3131 bus
204 3073 263 3161 suis
285 3092 340 3152 per
361 3077 457 3141 ludum
476 3083 630 3160 iocumque
651 3089 826 3159 certantem,
850 3082 1011 3160 imitarique
1035 3080 1166 3142 chiro-so

135 3155 247 3234 grapho
264 3174 461 3240 quaecumque
475 3164 608 3240 vidisset,
624 3183 659 3225 ac
674 3182 765 3244 saepe
787 3166 935 3245 profiteri,
958 3164 1130 3225 monimum

132 3238 303 3317 falsariam
317 3259 386 3303 esre
397 3246 547 3321 patrisso.

102 3332 121 3384 4
196 3324 339 3386 Tribunus
353 3326 470 3387 militnm
496 3339 525 3389 et
545 3333 574 3391 in
589 3330 742 3393 Germania
767 3340 796 3397 et
817 3333 848 3391 in
859 3332 1006 3393 Britannia
1024 3330 1133 3390 meruit

135 3424 242 3469 summa
257 3409 423 3488 industriae,
440 3429 496 3471 nec
511 3414 623 3474 minore
634 3412 794 3476 modestiae
808 3415 894 3493 fama,
912 3416 987 3476 sicut
1003 3420 1133 3495 apparet

23 3655 182 3733 L*
