2475 3775
221 202 308 251 XXVI
567 200 774 249 PRAEFATIO.

39 404 45 414 ,
66 369 141 413 codex
156 370 214 432 yart·
290 358 463 419 Difficillime
478 376 525 416 res
542 363 585 415 ost
601 358 637 413 de
650 358 827 414 Vaticano
848 358 948 414 codice
962 358 1096 429 quodam,
1113 376 1129 415 e

65 431 131 463 ‘⁸¹¹³'
140 420 216 474 ΒΜ
225 460 280 515 quo
292 459 395 516 paucas
411 443 548 499 lectiones
565 459 581 503 a
593 440 688 511 lipsio
701 430 836 499 collectas
847 442 1011 498 l’ulnnannus
1027 447 1131 502 alili

225 527 323 583 edidit.
367 526 498 581 Eiusdem
518 524 584 579 libri
600 523 709 596 Lipsius
733 523 795 595 ipse
809 524 837 579 in
851 524 983 596 Antiqnis
997 524 1129 581 lectioni.

222 612 276 668 bus
292 618 320 665 et
334 610 363 667 in
374 608 479 665 illectis
491 607 658 664 mentionem
669 606 746 676 iecit,
761 612 876 679 tresque
890 607 1028 663 lectiones
1040 608 1129 666 ul’ul-

223 710 322 751 manuo
347 708 402 749 non
425 691 533 765 positas
554 690 717 747 Torrentius
738 686 909 762 promitit).
952 691 1051 745 Fertur
1067 692 1129 747 sine

225 774 404 833 distinetione
419 774 539 845 capitum
553 775 675 844 seriptus
690 789 771 842 osse,
792 788 853 834 cum
872 773 947 829 uotis
964 767 1010 847 (1)
1028 781 1056 829 et
1069 780 1127 830 tres

223 859 334 931 priores
349 862 451 914 tantum
468 858 556 913 libros
565 864 581 925 ,¹
595 856 693 911 Divum
707 855 805 911 lulium
819 856 918 912 Dirum
931 856 1087 927 Augustum
1101 862 1129 913 et

224 941 379 1011 Tiberium,
406 940 603 1009 continuisse,
622 940 725 997 amisso
747 944 776 993 ut
798 938 910 995 videtur
930 940 1020 995 altero
1041 946 1128 997 tomo.

224 1023 532 1096 Quamquambipsiona
548 1029 682 1095 excerpta
698 1028 752 1078 tam
767 1022 944 1093 negligenter
967 1023 1040 1081 lactu
1055 1028 1128 1089 sunt,

158 1230 160 1238 .
222 1206 247 1241 a.
267 1190 337 1237 1460
356 1186 530 1251 transcripsit,
549 1193 640 1250 postea
656 1188 677 1235 Ι.
693 1185 762 1251 ling.
779 1183 940 1249 Hemsndus,
955 1193 1009 1235 tum
1025 1186 1059 1235 lo.
1075 1185 1128 1234 lla-

223 1257 365 1317 uesserius,
381 1269 448 1304 nune
463 1254 579 1303 Parisino
594 1250 745 1303 bibliotheca
759 1268 801 1304 no.
817 1254 886 1305 5800
905 1254 1034 1318 possidet,
1051 1254 1128 1304 oolla·

222 1326 315 1375 tionem
335 1323 500 1375 casaubonus
523 1337 546 1371 e.
574 1321 640 1373 1505
663 1320 783 1371 Generae·
802 1322 909 1371 instituit
934 1322 1049 1385 miroque
1073 1322 1128 1370 eius

222 1406 307 1443 amors
317 1400 404 1459 eaptus
420 1388 557 1457 supparem
570 1389 655 1439 dicere
665 1404 743 1439 ausus
758 1398 797 1439 est
811 1390 971 1440 Memmiano.
1004 1390 1055 1440 Sed
1068 1403 1129 1439 cou-

222 1461 291 1513 venit
306 1460 329 1509 ei
346 1460 456 1511 omnium
469 1459 579 1508 maxime
593 1472 651 1507 cum
662 1456 833 1508 Palatinorum
848 1459 945 1523 primo;
963 1472 1022 1507 nam
1037 1474 1064 1523 p.
1075 1458 1101 1518 3,
1113 1456 1129 1506 8

222 1531 304 1579 Iulius
322 1529 419 1579 Caesar
433 1528 512 1577 Diuum
528 1542 616 1575 meum
633 1540 727 1590 apem
740 1541 766 1590 p.
785 1526 843 1585 151,
858 1525 889 1579 19
904 1530 1003 1589 coprete
1012 1527 1065 1575 XL
1077 1536 1129 1577 tro·

218 1596 308 1663 pbsr's;
323 1611 350 1661 p.
368 1596 433 1652 201,
447 1594 482 1646 30
497 1584 545 1656 per
560 1602 613 1644 tres
626 1609 739 1651 mensem·
754 1610 781 1659 p.
796 1594 856 1653 234,
871 1592 906 1643 32
921 1609 937 1643 e
950 1594 1071 1644 &uasis
1084 1597 1129 1645 nrt·-

222 1668 321 1724 oistrt’s,
345 1664 372 1713 hi
392 1664 440 1714 soli
461 1663 559 1713 codices
580 1663 701 1728 seriptum
720 1661 873 1713 habueruut.
913 1661 1028 1711 Eundem
1044 1671 1129 1731 tumen

222 1732 362 1785 Palatinum
373 1731 493 1782 Gruterus
504 1746 604 1795 quoque
618 1730 721 1797 plurimi
734 1728 794 1780 iecit
806 1730 980 1780 etnominavit
992 1731 1128 1793 aliquando

223 1802 315 1853 librum
336 1800 476 1867 simplicem
499 1807 524 1849 et
547 1800 714 1851 innocentem.
758 1799 916 1848 l'nit‘tamen
932 1798 1060 1848 secundus
1081 1799 1130 1847 nli-

224 1878 317 1936 quauto
345 1870 475 1921 sincerior.
517 1868 616 1918 Tertius
644 1867 677 1917 ad
705 1867 822 1918 codicem·
839 1868 949 1932 aliquem
978 1868 1128 1934 propaginis
1172 1930 1176 1934 ι

223 1940 302 1991 Paris.
322 1939 400 1991 0110.
430 1938 497 1988 bled.
515 1940 541 1994 2,
559 1944 606 1986 ete.
632 1938 816 2003 contaminatus
838 1952 895 1986 esse
911 1937 1027 1997 ridetur,
1048 1952 1071 1986 e.
1087 1951 1127 2000 gr.

221 2024 247 2074 p.
265 2009 326 2067 214,
341 2007 382 2058 16.
400 2033 434 2044 -
448 2001 637 2067 Guelferbytani
653 2005 737 2070 primi,
755 2004 863 2054 Gudiani
877 2004 1020 2056 268.·saec.
1038 2003 1075 2053 Xl
1088 2002 1128 2067 (1)

221 2090 317 2140 paucas
338 2074 461 2137 quasdam
480 2075 600 2122 lectiones
623 2072 732 2121 Wolflus
758 2071 870 2136 prodidit
891 2088 906 2121 s
928 2073 1045 2138 Langero
1067 2071 1128 2121 sub·

221 2143 321 2191 missas.
356 2140 406 2190 Sed
423 2141 521 2190 desidia
539 2141 635 2188 sensim
652 2141 788 2203 obrepente
804 2140 829 2188 in
845 2139 872 2191 0.
889 2141 1019 2206 Caligulae
1034 2149 1058 2190 et
1070 2139 1127 2189 Divi

222 2209 320 2258 Claudii
336 2208 395 2258 vitis
414 2208 558 2265 rarissime,
575 2209 602 2255 iu
621 2206 728 2256 Neronis
743 2207 836 2267 semel,
852 2209 880 2257 iu
895 2209 1079 2275 posterioribus
1095 2221 1127 2256 ue

222 2275 300 2327 semel
317 2275 418 2339 quidem
432 2277 472 2325 vel
488 2275 563 2324 huius
583 2273 641 2324 libri
656 2275 696 2324 vel
712 2275 818 2324 aliorum
835 2279 990 2328 mentionem
1006 2277 1075 2326 iecit.
1092 2301 1127 2314 «-

222 2345 446 2394 Torrentianorum
461 2343 575 2394 codicum
597 2358 665 2393 unus
683 2344 778 2393 alterve
793 2343 836 2394 bic
850 2345 916 2396 soret
929 2359 1128 2395 commemorau-

223 2413 285 2472 dus,
302 2412 324 2462 si
340 2411 469 2462 Torrentio
490 2411 588 2461 codices
609 2425 671 2462 suos
686 2419 793 2476 quatuor
808 2415 911 2479 saepius
927 2413 1074 2463 nominatim
1088 2412 1128 2461 di-

223 2481 354 2544 stinguere
373 2478 521 2544 placuisset,
543 2480 594 2528 iarn
610 2494 670 2530 vero
686 2481 721 2529 ita
742 2481 811 2544 loqui
834 2483 912 2532 solet:
938 2487 948 2513 ‘
955 2482 1036 2531 codex
1049 2494 1126 2542 unus,

197 2579 203 2586 -
222 2548 292 2598 baud
307 2548 397 2610 melus,
413 2547 530 2612 optimus,
550 2556 646 2612 noster,
663 2556 833 2613 pervetustus,
848 2550 905 2599 libri
926 2551 992 2609 duo,
1009 2551 1125 2613 quatuor’

223 2624 247 2666 et
262 2616 393 2677 similiter,
417 2623 446 2666 ut
462 2617 516 2665 eius
531 2616 602 2666 labor
617 2615 693 2666 hodie
713 2629 794 2682 paene
810 2618 907 2667 inutilis
927 2619 967 2667 sit.
982 2643 1017 2654 -
1032 2616 1127 2666 Parisi-

223 2699 313 2736 norum
328 2685 444 2735 codicum
466 2692 566 2751 praeter
582 2683 766 2734 viterbiensem
781 2684 822 2735 bio
841 2686 989 2735 nominandi
1010 2692 1070 2735 suut
1083 2698 1125 2734 no.

222 2751 289 2802 5801
306 2767 371 2802 saec.
389 2753 438 2804 ΧΠ
453 2753 571 2818 optimus,
589 2768 664 2816 quem
676 2753 854 2806 casaubonum
868 2769 968 2816 quoque
982 2753 1126 2819 inspexisse

222 2820 330 2885 probant
349 2823 444 2870 omissa
458 2836 484 2886 p.
502 2820 559 2882 182,
575 2821 609 2872 20
623 2823 700 2872 verba
714 2823 790 2871 atteri
807 2824 1033 2886 plurisolr'qucnto
1051 2836 1127 2872 rosc·

222 2890 278 2947 rto}
302 2894 356 2936 tum
377 2888 545 2938 Neine-Deme
572 2890 622 2942 188
644 2904 712 2940 saec.
733 2888 812 2951 11111,
841 2898 961 2956 excerpta
979 2890 1126 2952 continens;

220 2962 350 3022 postremo
367 2969 406 3006 no.
427 2955 504 3006 5005.
522 2957 599 3009 5810.
618 2958 695 3009 0117.
712 2972 780 3007 saec.
794 2957 853 3008 XV.
1154 2999 1165 3020 ,

291 3021 337 3086 15)
357 3023 482 3072 Pausulae
496 3026 673 3076 adnotationes
694 3041 710 3074 e
723 3026 846 3076 Vaticano
862 3027 947 3081 'eodice
968 3041 985 3076 a
1001 3026 1124 3076 Politluuo

221 3106 244 3140 a.
262 3090 330 3141 1480
344 3090 425 3140 factae
445 3089 543 3142 huncne
559 3095 710 3144 Vaticanum
725 3107 759 3142 an
778 3094 857 3144 alium
871 3102 985 3160 spectent
1007 3095 1125 3158 equidem

220 3161 320 3224 ignoro.
357 3159 465 3208 Fulvii
482 3160 596 3212 Ursini
616 3179 631 3210 e
650 3161 683 3214 V.
702 3161 728 3212 0.
747 3172 881 3228 excerpto,
900 3178 966 3226 quae
981 3164 1056 3225 dioit,
1070 3163 1125 3228 ple-

220 3241 326 3289 numque
338 3227 510 3279 commenticia
526 3238 592 3291 suut,
610 3246 643 3280 ex
654 3230 753 3280 Erasmi
768 3229 1022 3297 Stephani'l'orreutii
1036 3232 1125 3281 editio-

221 3294 295 3344 nibus
308 3293 422 3348 oouflcte.
453 3297 533 3348 Nimis
547 3299 635 3349 timide
649 3300 682 3348 de
697 3300 752 3349 elus
769 3297 819 3349 fide
828 3300 980 3350 'dubitarunt
998 3302 1048 3350 lac.
1062 3298 1124 3350 Gro-

221 3365 311 3413 novius
328 3373 352 3415 et
368 3365 571 3432 Oudendorpius.
603 3368 671 3417 Raro
686 3382 738 3418 non
753 3370 890 3429 mentitur,
912 3376 940 3416 ut
958 3383 1017 3418 eum
1038 3371 1124 3431 cupita

221 3444 399 3485 commemorat
415 3451 442 3502 p.
461 3435 507 3495 71,
526 3435 567 3485 lo.
