<?xml version="1.0" encoding="UTF-8"?>
<!DOCTYPE html PUBLIC "-//W3C//DTD XHTML 1.0 Transitional//EN"
    "http://www.w3.org/TR/xhtml1/DTD/xhtml1-transitional.dtd">
<html xmlns="http://www.w3.org/1999/xhtml" xml:lang="en" lang="en">
 <head>
  <title>
</title>
<meta http-equiv="Content-Type" content="text/html;charset=utf-8" />
  <meta name='ocr-system' content='tesseract 3.04.00' />
  <meta name='ocr-capabilities' content='ocr_page ocr_carea ocr_par ocr_line ocrx_word'/>
</head>
<body>
  <div class='ocr_page' id='page_1' title='image "./csuetonitranqui03rothgoog_0029.png"; bbox 0 0 2475 3775; ppageno 0'>
   <div class='ocr_carea' id='block_1_1' title="bbox 483 196 1036 247">
    <p class='ocr_par' dir='ltr' id='par_1_1' title="bbox 483 196 1036 247">
     <span class='ocr_line' id='line_1_1' title="bbox 483 196 1036 247; baseline 0.007 -4"><span class='ocrx_word' id='word_1_1' title='bbox 483 196 692 245; x_wconf 63' lang='lat' dir='ltr'><strong><em>Pitumnum.</em></strong></span> <span class='ocrx_word' id='word_1_2' title='bbox 944 200 1036 247; x_wconf 82' lang='lat' dir='ltr'>XXIII</span> 
     </span>
    </p>
   </div>
   <div class='ocr_carea' id='block_1_2' title="bbox 118 351 1046 675">
    <p class='ocr_par' dir='ltr' id='par_1_2' title="bbox 118 351 1046 675">
     <span class='ocr_line' id='line_1_2' title="bbox 129 351 1032 425; baseline 0.01 -19"><span class='ocrx_word' id='word_1_3' title='bbox 129 384 132 391; x_wconf 44' lang='grc' dir='ltr'>ι</span> <span class='ocrx_word' id='word_1_4' title='bbox 183 352 373 411; x_wconf 82' lang='lat' dir='ltr'><strong><em>llomnriraum</em></strong></span> <span class='ocrx_word' id='word_1_5' title='bbox 384 351 511 414; x_wconf 85' lang='lat' dir='ltr'><strong><em>codicem</em></strong></span> <span class='ocrx_word' id='word_1_6' title='bbox 523 353 643 415; x_wconf 75' lang='lat' dir='ltr'><strong><em>omnium</em></strong></span> <span class='ocrx_word' id='word_1_7' title='bbox 654 354 702 425; x_wconf 83' lang='lat' dir='ltr'><strong><em>qui</em></strong></span> <span class='ocrx_word' id='word_1_8' title='bbox 718 359 837 413; x_wconf 82' lang='lat' dir='ltr'><strong><em>aetatem</em></strong></span> <span class='ocrx_word' id='word_1_9' title='bbox 851 356 974 411; x_wconf 87' lang='lat' dir='ltr'><strong><em>tulerunt</em></strong></span> <span class='ocrx_word' id='word_1_10' title='bbox 988 357 1032 416; x_wconf 84' lang='lat' dir='ltr'><strong><em>iu-</em></strong></span> 
     </span>
     <span class='ocr_line' id='line_1_3' title="bbox 118 434 1033 512; baseline 0.005 -19"><span class='ocrx_word' id='word_1_11' title='bbox 118 434 300 507; x_wconf 82' lang='lat' dir='ltr'><strong><em>tegerrimum</em></strong></span> <span class='ocrx_word' id='word_1_12' title='bbox 315 451 396 503; x_wconf 86' lang='lat' dir='ltr'><strong><em>esse,</em></strong></span> <span class='ocrx_word' id='word_1_13' title='bbox 416 436 451 493; x_wconf 81' lang='lat' dir='ltr'><strong><em>ab</em></strong></span> <span class='ocrx_word' id='word_1_14' title='bbox 469 436 550 495; x_wconf 82' lang='lat' dir='ltr'><strong><em>initio</em></strong></span> <span class='ocrx_word' id='word_1_15' title='bbox 573 453 669 493; x_wconf 89' lang='lat' dir='ltr'><strong><em>omues</em></strong></span> <span class='ocrx_word' id='word_1_16' title='bbox 690 436 891 493; x_wconf 83' lang='lat' dir='ltr'><strong><em>intellexeruut</em></strong></span> <span class='ocrx_word' id='word_1_17' title='bbox 905 445 935 494; x_wconf 87' lang='lat' dir='ltr'><strong><em>ct</em></strong></span> <span class='ocrx_word' id='word_1_18' title='bbox 950 457 1033 512; x_wconf 87' lang='lat' dir='ltr'><strong><em>prae-</em></strong></span> 
     </span>
     <span class='ocr_line' id='line_1_4' title="bbox 119 517 1046 580; baseline 0.005 -5"><span class='ocrx_word' id='word_1_19' title='bbox 119 519 296 575; x_wconf 82' lang='lat' dir='ltr'><strong><em>dicaverunt.</em></strong></span> <span class='ocrx_word' id='word_1_20' title='bbox 342 517 400 578; x_wconf 77' lang='lat' dir='ltr'><strong><em>ssu</em></strong></span> <span class='ocrx_word' id='word_1_21' title='bbox 422 524 512 575; x_wconf 84' lang='lat' dir='ltr'><strong><em>tamen</em></strong></span> <span class='ocrx_word' id='word_1_22' title='bbox 533 520 687 577; x_wconf 85' lang='lat' dir='ltr'><strong><em>cavendum</em></strong></span> <span class='ocrx_word' id='word_1_23' title='bbox 703 526 748 575; x_wconf 86' lang='lat' dir='ltr'><strong><em>est</em></strong></span> <span class='ocrx_word' id='word_1_24' title='bbox 761 537 797 576; x_wconf 85' lang='lat' dir='ltr'><strong><em>ne</em></strong></span> <span class='ocrx_word' id='word_1_25' title='bbox 820 520 931 577; x_wconf 84' lang='lat' dir='ltr'><strong><em>nimiam</em></strong></span> <span class='ocrx_word' id='word_1_26' title='bbox 945 523 980 578; x_wconf 83' lang='lat' dir='ltr'><strong><em>rle</em></strong></span> <span class='ocrx_word' id='word_1_27' title='bbox 997 538 1046 580; x_wconf 85' lang='lat' dir='ltr'><strong><em>co·</em></strong></span> 
     </span>
     <span class='ocr_line' id='line_1_5' title="bbox 118 602 1033 675; baseline 0.003 -17"><span class='ocrx_word' id='word_1_28' title='bbox 118 602 362 673; x_wconf 71' lang='lat' dir='ltr'><strong>exspectationem</strong></span> <span class='ocrx_word' id='word_1_29' title='bbox 382 602 572 674; x_wconf 84' lang='lat' dir='ltr'><strong><em>concipiamus</em></strong></span> <span class='ocrx_word' id='word_1_30' title='bbox 595 608 625 657; x_wconf 89' lang='lat' dir='ltr'><strong><em>et</em></strong></span> <span class='ocrx_word' id='word_1_31' title='bbox 644 602 769 673; x_wconf 85' lang='lat' dir='ltr'><strong><em>reliquos</em></strong></span> <span class='ocrx_word' id='word_1_32' title='bbox 789 619 858 675; x_wconf 82' lang='lat' dir='ltr'><strong><em>prae</em></strong></span> <span class='ocrx_word' id='word_1_33' title='bbox 879 620 914 661; x_wconf 91' lang='lat' dir='ltr'><strong><em>eo</em></strong></span> <span class='ocrx_word' id='word_1_34' title='bbox 937 621 1033 661; x_wconf 87' lang='lat' dir='ltr'><strong><em>omnes</em></strong></span> 
     </span>
    </p>
   </div>
   <div class='ocr_carea' id='block_1_3' title="bbox 118 684 1124 763">
    <p class='ocr_par' dir='ltr' id='par_1_3' title="bbox 118 684 1124 763">
     <span class='ocr_line' id='line_1_6' title="bbox 118 684 1124 763; baseline 0.006 -22"><span class='ocrx_word' id='word_1_35' title='bbox 118 690 337 741; x_wconf 80' lang='lat' dir='ltr'><strong><em>contemnamus.</em></strong></span> <span class='ocrx_word' id='word_1_36' title='bbox 381 684 483 743; x_wconf 78' lang='lat' dir='ltr'><strong>Errant</strong></span> <span class='ocrx_word' id='word_1_37' title='bbox 504 686 577 743; x_wconf 85' lang='lat' dir='ltr'><strong><em>euim</em></strong></span> <span class='ocrx_word' id='word_1_38' title='bbox 599 685 818 746; x_wconf 60' lang='lat' dir='ltr'><strong><em>summissurus</em></strong></span> <span class='ocrx_word' id='word_1_39' title='bbox 834 688 963 763; x_wconf 77' lang='lat' dir='ltr'><strong><em>Berlleio</em></strong></span> <span class='ocrx_word' id='word_1_40' title='bbox 985 690 1032 761; x_wconf 89' lang='lat' dir='ltr'><strong><em>qui</em></strong></span> <span class='ocrx_word' id='word_1_41' title='bbox 1121 743 1124 747; x_wconf 14' lang='grc' dir='ltr'><em>Δ</em></span> 
     </span>
    </p>
   </div>
   <div class='ocr_carea' id='block_1_4' title="bbox 93 767 1035 3504">
    <p class='ocr_par' dir='ltr' id='par_1_4' title="bbox 93 767 1035 3504">
     <span class='ocr_line' id='line_1_7' title="bbox 108 767 1033 845; baseline 0.006 -19"><span class='ocrx_word' id='word_1_42' title='bbox 108 767 309 845; x_wconf 49' lang='grc'>,811111111111</span> <span class='ocrx_word' id='word_1_43' title='bbox 335 767 450 825; x_wconf 84' lang='lat' dir='ltr'><strong><em>codices</em></strong></span> <span class='ocrx_word' id='word_1_44' title='bbox 475 770 510 825; x_wconf 85' lang='lat' dir='ltr'><strong><em>ad</em></strong></span> <span class='ocrx_word' id='word_1_45' title='bbox 535 786 616 827; x_wconf 89' lang='lat' dir='ltr'><strong><em>uuum</em></strong></span> <span class='ocrx_word' id='word_1_46' title='bbox 644 786 740 831; x_wconf 83' lang='lat' dir='ltr'><strong><em>omues</em></strong></span> <span class='ocrx_word' id='word_1_47' title='bbox 761 786 798 825; x_wconf 82' lang='lat' dir='ltr'><strong><em>cx</em></strong></span> <span class='ocrx_word' id='word_1_48' title='bbox 819 772 874 826; x_wconf 89' lang='lat' dir='ltr'><strong><em>boc</em></strong></span> <span class='ocrx_word' id='word_1_49' title='bbox 896 775 1033 845; x_wconf 77' lang='lat' dir='ltr'><strong>tamquam</strong></span> 
     </span>
     <span class='ocr_line' id='line_1_8' title="bbox 104 847 1031 925; baseline 0.006 -20"><span class='ocrx_word' id='word_1_50' title='bbox 104 847 253 924; x_wconf 79' lang='lat' dir='ltr'><strong><em>&#39;primario</em></strong></span> <span class='ocrx_word' id='word_1_51' title='bbox 270 857 387 924; x_wconf 82' lang='lat' dir='ltr'><strong><em>parente</em></strong></span> <span class='ocrx_word' id='word_1_52' title='bbox 402 858 482 909; x_wconf 84' lang='lat' dir='ltr'><strong><em>ustos</em></strong></span> <span class='ocrx_word' id='word_1_53' title='bbox 499 853 657 911; x_wconf 82' lang='lat' dir='ltr'><strong><em>voluerunt.</em></strong></span> <span class='ocrx_word' id='word_1_54' title='bbox 702 854 741 909; x_wconf 85' lang='lat' dir='ltr'><strong><em>Ea</em></strong></span> <span class='ocrx_word' id='word_1_55' title='bbox 756 853 853 925; x_wconf 84' lang='lat' dir='ltr'><strong><em>opinio</em></strong></span> <span class='ocrx_word' id='word_1_56' title='bbox 869 854 941 911; x_wconf 88' lang='lat' dir='ltr'><strong><em>adeo</em></strong></span> <span class='ocrx_word' id='word_1_57' title='bbox 959 856 1031 911; x_wconf 84' lang='lat' dir='ltr'><strong><em>ialsa</em></strong></span> 
     </span>
     <span class='ocr_line' id='line_1_9' title="bbox 118 935 1032 1009; baseline 0.005 -20"><span class='ocrx_word' id='word_1_58' title='bbox 118 940 214 989; x_wconf 84' lang='lat' dir='ltr'><strong><em>estut</em></strong></span> <span class='ocrx_word' id='word_1_59' title='bbox 233 951 269 991; x_wconf 89' lang='lat' dir='ltr'><strong><em>ue</em></strong></span> <span class='ocrx_word' id='word_1_60' title='bbox 284 950 368 991; x_wconf 84' lang='lat' dir='ltr'><strong><em>uuum</em></strong></span> <span class='ocrx_word' id='word_1_61' title='bbox 383 936 494 1007; x_wconf 86' lang='lat' dir='ltr'><strong><em>quidem</em></strong></span> <span class='ocrx_word' id='word_1_62' title='bbox 513 935 632 1006; x_wconf 87' lang='lat' dir='ltr'><strong><em>librum,</em></strong></span> <span class='ocrx_word' id='word_1_63' title='bbox 655 944 732 999; x_wconf 81' lang='lat' dir='ltr'><strong><em>certe</em></strong></span> <span class='ocrx_word' id='word_1_64' title='bbox 758 952 855 992; x_wconf 86' lang='lat' dir='ltr'><strong><em>eorum</em></strong></span> <span class='ocrx_word' id='word_1_65' title='bbox 874 938 911 993; x_wconf 89' lang='lat' dir='ltr'><strong><em>de</em></strong></span> <span class='ocrx_word' id='word_1_66' title='bbox 932 938 1032 1009; x_wconf 88' lang='lat' dir='ltr'><strong><em>quibus</em></strong></span> 
     </span>
     <span class='ocr_line' id='line_1_10' title="bbox 119 1016 1033 1091; baseline 0.004 -18"><span class='ocrx_word' id='word_1_67' title='bbox 119 1022 246 1087; x_wconf 85' lang='lat' dir='ltr'><strong><em>constet,</em></strong></span> <span class='ocrx_word' id='word_1_68' title='bbox 269 1016 355 1075; x_wconf 82' lang='lat' dir='ltr'><strong><em>liceat</em></strong></span> <span class='ocrx_word' id='word_1_69' title='bbox 375 1034 411 1074; x_wconf 81' lang='lat' dir='ltr'><strong><em>ex</em></strong></span> <span class='ocrx_word' id='word_1_70' title='bbox 428 1034 462 1076; x_wconf 89' lang='lat' dir='ltr'><strong><em>oo</em></strong></span> <span class='ocrx_word' id='word_1_71' title='bbox 478 1019 647 1091; x_wconf 84' lang='lat' dir='ltr'><strong><em>descriptum</em></strong></span> <span class='ocrx_word' id='word_1_72' title='bbox 669 1020 774 1081; x_wconf 87' lang='lat' dir='ltr'><strong><em>dicero.</em></strong></span> <span class='ocrx_word' id='word_1_73' title='bbox 812 1021 938 1078; x_wconf 88' lang='lat' dir='ltr'><strong><em>-baborat</em></strong></span> <span class='ocrx_word' id='word_1_74' title='bbox 958 1022 1033 1080; x_wconf 89' lang='lat' dir='ltr'><strong><em>euim</em></strong></span> 
     </span>
     <span class='ocr_line' id='line_1_11' title="bbox 118 1100 1032 1178; baseline 0.007 -21"><span class='ocrx_word' id='word_1_75' title='bbox 118 1100 198 1157; x_wconf 88' lang='lat' dir='ltr'><strong><em>vitiis</em></strong></span> <span class='ocrx_word' id='word_1_76' title='bbox 221 1100 403 1172; x_wconf 86' lang='lat' dir='ltr'><strong><em>quibusdam,</em></strong></span> <span class='ocrx_word' id='word_1_77' title='bbox 432 1118 548 1173; x_wconf 86' lang='lat' dir='ltr'><strong><em>quorum</em></strong></span> <span class='ocrx_word' id='word_1_78' title='bbox 573 1102 663 1159; x_wconf 87' lang='lat' dir='ltr'><strong><em>ceteri</em></strong></span> <span class='ocrx_word' id='word_1_79' title='bbox 689 1104 755 1160; x_wconf 82' lang='lat' dir='ltr'><strong>libri</strong></span> <span class='ocrx_word' id='word_1_80' title='bbox 780 1120 876 1161; x_wconf 88' lang='lat' dir='ltr'><strong><em>omnes</em></strong></span> <span class='ocrx_word' id='word_1_81' title='bbox 898 1112 1032 1178; x_wconf 77' lang='lat' dir='ltr'><strong><em>expertes</em></strong></span> 
     </span>
     <span class='ocr_line' id='line_1_12' title="bbox 117 1183 1033 1263; baseline 0.008 -23"><span class='ocrx_word' id='word_1_82' title='bbox 117 1189 191 1241; x_wconf 78' lang='lat' dir='ltr'><strong><em>sunt.</em></strong></span> <span class='ocrx_word' id='word_1_83' title='bbox 234 1183 284 1239; x_wconf 78' lang='lat' dir='ltr'><strong><em>Sic</em></strong></span> <span class='ocrx_word' id='word_1_84' title='bbox 299 1186 449 1241; x_wconf 87' lang='lat' dir='ltr'><strong><em>verborum</em></strong></span> <span class='ocrx_word' id='word_1_85' title='bbox 470 1187 533 1257; x_wconf 84' lang='lat' dir='ltr'><strong><em>plus</em></strong></span> <span class='ocrx_word' id='word_1_86' title='bbox 549 1186 675 1244; x_wconf 84' lang='lat' dir='ltr'><strong><em>minusve</em></strong></span> <span class='ocrx_word' id='word_1_87' title='bbox 698 1205 725 1260; x_wconf 82' lang='lat' dir='ltr'><strong><em>p.</em></strong></span> <span class='ocrx_word' id='word_1_88' title='bbox 744 1193 796 1258; x_wconf 79' lang='lat'><strong><em>38,</em></strong></span> <span class='ocrx_word' id='word_1_89' title='bbox 818 1194 852 1247; x_wconf 83' lang='lat'><strong><em>16</em></strong></span> <span class='ocrx_word' id='word_1_90' title='bbox 875 1190 946 1246; x_wconf 86' lang='lat' dir='ltr'><strong><em>collo</em></strong></span> <span class='ocrx_word' id='word_1_91' title='bbox 958 1205 1033 1263; x_wconf 75' lang='lat' dir='ltr'><strong><em>perr</em></strong></span> 
     </span>
     <span class='ocr_line' id='line_1_13' title="bbox 116 1270 1032 1351; baseline -0.001 -23"><span class='ocrx_word' id='word_1_92' title='bbox 116 1284 147 1339; x_wconf 76' lang='grc' dir='ltr'><strong><em>Ρ.</em></strong></span> <span class='ocrx_word' id='word_1_93' title='bbox 166 1274 211 1338; x_wconf 81' lang='lat'><strong><em>58,</em></strong></span> <span class='ocrx_word' id='word_1_94' title='bbox 227 1274 261 1326; x_wconf 83' lang='lat'><strong><em>14</em></strong></span> <span class='ocrx_word' id='word_1_95' title='bbox 274 1270 379 1341; x_wconf 59' lang='lat' dir='ltr'><strong><em>bocum</em></strong></span> <span class='ocrx_word' id='word_1_96' title='bbox 397 1286 425 1341; x_wconf 84' lang='lat' dir='ltr'><strong><em>p.</em></strong></span> <span class='ocrx_word' id='word_1_97' title='bbox 436 1275 497 1340; x_wconf 87' lang='grc'>169,</span> <span class='ocrx_word' id='word_1_98' title='bbox 513 1276 546 1329; x_wconf 86' lang='lat'><strong><em>19</em></strong></span> <span class='ocrx_word' id='word_1_99' title='bbox 560 1271 672 1351; x_wconf 59' lang='lat' dir='ltr'><strong><em>imperii</em></strong></span> <span class='ocrx_word' id='word_1_100' title='bbox 680 1276 780 1343; x_wconf 77' lang='lat' dir='ltr'><strong><em>quarto</em></strong></span> <span class='ocrx_word' id='word_1_101' title='bbox 795 1271 914 1334; x_wconf 69' lang='lat' dir='ltr'><strong><em>decimo·</em></strong></span> <span class='ocrx_word' id='word_1_102' title='bbox 928 1289 957 1344; x_wconf 69' lang='lat' dir='ltr'><strong><em>p,</em></strong></span> <span class='ocrx_word' id='word_1_103' title='bbox 971 1280 1032 1344; x_wconf 83' lang='grc'>193,</span> 
     </span>
     <span class='ocr_line' id='line_1_14' title="bbox 116 1350 1035 1427; baseline 0.001 -18"><span class='ocrx_word' id='word_1_104' title='bbox 116 1356 153 1409; x_wconf 80' lang='grc'><strong><em>38</em></strong></span> <span class='ocrx_word' id='word_1_105' title='bbox 174 1367 278 1423; x_wconf 70' lang='lat' dir='ltr'><strong><em>meone</em></strong></span> <span class='ocrx_word' id='word_1_106' title='bbox 300 1350 356 1408; x_wconf 81' lang='lat' dir='ltr'><strong><em>iem</em></strong></span> <span class='ocrx_word' id='word_1_107' title='bbox 370 1353 498 1411; x_wconf 81' lang='lat' dir='ltr'><strong><em>ordinum</em></strong></span> <span class='ocrx_word' id='word_1_108' title='bbox 518 1353 744 1427; x_wconf 73' lang='lat' dir='ltr'><strong><em>frequentioris</em></strong></span> <span class='ocrx_word' id='word_1_109' title='bbox 765 1361 894 1425; x_wconf 81' lang='lat' dir='ltr'><strong><em>repertae</em></strong></span> <span class='ocrx_word' id='word_1_110' title='bbox 909 1355 1035 1427; x_wconf 78' lang='lat' dir='ltr'><strong><em>Capitolii</em></strong></span> 
     </span>
     <span class='ocr_line' id='line_1_15' title="bbox 116 1435 1032 1513; baseline 0.004 -24"><span class='ocrx_word' id='word_1_111' title='bbox 116 1435 226 1504; x_wconf 81' lang='lat' dir='ltr'><strong><em>claves,</em></strong></span> <span class='ocrx_word' id='word_1_112' title='bbox 256 1450 321 1490; x_wconf 83' lang='lat' dir='ltr'><strong><em>cum</em></strong></span> <span class='ocrx_word' id='word_1_113' title='bbox 339 1451 378 1491; x_wconf 77' lang='lat' dir='ltr'><strong><em>ere</em></strong></span> <span class='ocrx_word' id='word_1_114' title='bbox 396 1438 537 1499; x_wconf 83' lang='lat' dir='ltr'><strong><em>oratione,·</em></strong></span> <span class='ocrx_word' id='word_1_115' title='bbox 560 1454 588 1509; x_wconf 86' lang='lat' dir='ltr'><strong><em>p.</em></strong></span> <span class='ocrx_word' id='word_1_116' title='bbox 605 1444 674 1509; x_wconf 73' lang='grc'>111,</span> <span class='ocrx_word' id='word_1_117' title='bbox 692 1442 726 1498; x_wconf 86' lang='grc'><strong><em>11</em></strong></span> <span class='ocrx_word' id='word_1_118' title='bbox 742 1440 847 1500; x_wconf 72' lang='lat' dir='ltr'><strong><em>sattim,¹</em></strong></span> <span class='ocrx_word' id='word_1_119' title='bbox 868 1457 896 1513; x_wconf 85' lang='lat' dir='ltr'><strong><em>p.</em></strong></span> <span class='ocrx_word' id='word_1_120' title='bbox 913 1445 982 1509; x_wconf 79' lang='lat'>236,</span> <span class='ocrx_word' id='word_1_121' title='bbox 997 1445 1032 1498; x_wconf 82' lang='lat'><strong><em>20</em></strong></span> 
     </span>
     <span class='ocr_line' id='line_1_16' title="bbox 116 1520 1032 1592; baseline 0.005 -20"><span class='ocrx_word' id='word_1_122' title='bbox 116 1533 153 1573; x_wconf 86' lang='lat' dir='ltr'><strong><em>oc</em></strong></span> <span class='ocrx_word' id='word_1_123' title='bbox 170 1520 275 1590; x_wconf 65' lang='lat' dir='ltr'><strong><em>moster</em></strong></span> <span class='ocrx_word' id='word_1_124' title='bbox 286 1534 320 1589; x_wconf 74' lang='lat' dir='ltr'><strong><em>o.</em></strong></span> <span class='ocrx_word' id='word_1_125' title='bbox 337 1525 403 1592; x_wconf 76' lang='lat'><strong><em>249,</em></strong></span> <span class='ocrx_word' id='word_1_126' title='bbox 419 1525 452 1579; x_wconf 82' lang='lat'><strong><em>31</em></strong></span> <span class='ocrx_word' id='word_1_127' title='bbox 469 1522 675 1591; x_wconf 74' lang='lat' dir='ltr'><strong><em>conspiratione</em></strong></span> <span class='ocrx_word' id='word_1_128' title='bbox 689 1521 865 1583; x_wconf 81' lang='lat' dir='ltr'><strong><em>desideretur</em></strong></span> <span class='ocrx_word' id='word_1_129' title='bbox 881 1522 910 1577; x_wconf 84' lang='lat' dir='ltr'><strong><em>in</em></strong></span> <span class='ocrx_word' id='word_1_130' title='bbox 926 1523 981 1578; x_wconf 93' lang='lat' dir='ltr'><strong><em>boc</em></strong></span> <span class='ocrx_word' id='word_1_131' title='bbox 996 1522 1032 1577; x_wconf 93' lang='lat' dir='ltr'><strong><em>li-</em></strong></span> 
     </span>
     <span class='ocr_line' id='line_1_17' title="bbox 116 1602 1030 1684; baseline 0.005 -27"><span class='ocrx_word' id='word_1_132' title='bbox 116 1602 181 1671; x_wconf 88' lang='lat' dir='ltr'><strong><em>bro,</em></strong></span> <span class='ocrx_word' id='word_1_133' title='bbox 197 1608 340 1676; x_wconf 86' lang='lat' dir='ltr'><strong><em>comparet</em></strong></span> <span class='ocrx_word' id='word_1_134' title='bbox 357 1602 385 1658; x_wconf 90' lang='lat' dir='ltr'><strong><em>iu</em></strong></span> <span class='ocrx_word' id='word_1_135' title='bbox 399 1602 518 1675; x_wconf 84' lang='lat' dir='ltr'><strong><em>reliquis</em></strong></span> <span class='ocrx_word' id='word_1_136' title='bbox 532 1604 670 1675; x_wconf 85' lang='lat' dir='ltr'><strong><em>omuibus,</em></strong></span> <span class='ocrx_word' id='word_1_137' title='bbox 686 1605 762 1677; x_wconf 90' lang='lat' dir='ltr'><strong><em>quod</em></strong></span> <span class='ocrx_word' id='word_1_138' title='bbox 774 1606 838 1661; x_wconf 83' lang='lat' dir='ltr'><strong><em>beri</em></strong></span> <span class='ocrx_word' id='word_1_139' title='bbox 854 1606 931 1684; x_wconf 84' lang='lat' dir='ltr'><strong><em>mullo</em></strong></span> <span class='ocrx_word' id='word_1_140' title='bbox 945 1610 1030 1677; x_wconf 79' lang='lat' dir='ltr'><strong><em>paeto</em></strong></span> 
     </span>
     <span class='ocr_line' id='line_1_18' title="bbox 93 1685 1030 1759; baseline 0.004 -20"><span class='ocrx_word' id='word_1_141' title='bbox 93 1746 98 1753; x_wconf 9' lang='grc' dir='ltr'>ἢ</span> <span class='ocrx_word' id='word_1_142' title='bbox 113 1685 268 1756; x_wconf 75' lang='lat' dir='ltr'><strong><em>potuisset,</em></strong></span> <span class='ocrx_word' id='word_1_143' title='bbox 282 1686 308 1741; x_wconf 89' lang='lat' dir='ltr'><strong><em>si</em></strong></span> <span class='ocrx_word' id='word_1_144' title='bbox 321 1686 368 1742; x_wconf 89' lang='lat' dir='ltr'><strong><em>bic</em></strong></span> <span class='ocrx_word' id='word_1_145' title='bbox 384 1686 457 1744; x_wconf 89' lang='lat' dir='ltr'><strong><em>liber</em></strong></span> <span class='ocrx_word' id='word_1_146' title='bbox 472 1688 593 1745; x_wconf 85' lang='lat' dir='ltr'><strong><em>omnium</em></strong></span> <span class='ocrx_word' id='word_1_147' title='bbox 608 1688 690 1759; x_wconf 76' lang='lat' dir='ltr'><strong><em>origo</em></strong></span> <span class='ocrx_word' id='word_1_148' title='bbox 706 1688 858 1745; x_wconf 86' lang='lat' dir='ltr'><strong><em>communis</em></strong></span> <span class='ocrx_word' id='word_1_149' title='bbox 874 1695 960 1746; x_wconf 88' lang='lat' dir='ltr'><strong><em>osset.</em></strong></span> <span class='ocrx_word' id='word_1_150' title='bbox 987 1689 1030 1744; x_wconf 80' lang='lat' dir='ltr'><strong><em>ilo</em></strong></span> 
     </span>
     <span class='ocr_line' id='line_1_19' title="bbox 117 1768 1029 1842; baseline 0.005 -19"><span class='ocrx_word' id='word_1_151' title='bbox 117 1768 222 1839; x_wconf 87' lang='lat' dir='ltr'><strong><em>siquis</em></strong></span> <span class='ocrx_word' id='word_1_152' title='bbox 240 1785 295 1824; x_wconf 87' lang='lat' dir='ltr'><strong><em>nou</em></strong></span> <span class='ocrx_word' id='word_1_153' title='bbox 318 1786 353 1825; x_wconf 82' lang='lat' dir='ltr'><strong><em>ex</em></strong></span> <span class='ocrx_word' id='word_1_154' title='bbox 375 1770 439 1842; x_wconf 88' lang='lat' dir='ltr'><strong><em>ipso</em></strong></span> <span class='ocrx_word' id='word_1_155' title='bbox 458 1771 622 1828; x_wconf 86' lang='lat' dir='ltr'><strong><em>llemmiano</em></strong></span> <span class='ocrx_word' id='word_1_156' title='bbox 643 1770 760 1841; x_wconf 82' lang='lat' dir='ltr'><strong><em>codice,</em></strong></span> <span class='ocrx_word' id='word_1_157' title='bbox 787 1772 838 1829; x_wconf 89' lang='lat' dir='ltr'><strong><em>sed</em></strong></span> <span class='ocrx_word' id='word_1_158' title='bbox 860 1789 896 1828; x_wconf 81' lang='lat' dir='ltr'><strong><em>ex</em></strong></span> <span class='ocrx_word' id='word_1_159' title='bbox 917 1769 1029 1842; x_wconf 79' lang='lat' dir='ltr'><strong><em>gemiuo</em></strong></span> 
     </span>
     <span class='ocr_line' id='line_1_20' title="bbox 114 1851 1029 1927; baseline 0.003 -21"><span class='ocrx_word' id='word_1_160' title='bbox 114 1851 214 1922; x_wconf 80' lang='lat' dir='ltr'><strong><em>aliquo</em></strong></span> <span class='ocrx_word' id='word_1_161' title='bbox 231 1852 347 1924; x_wconf 82' lang='lat' dir='ltr'><strong><em>eiusque</em></strong></span> <span class='ocrx_word' id='word_1_162' title='bbox 364 1853 504 1912; x_wconf 88' lang='lat' dir='ltr'><strong><em>simillimo</em></strong></span> <span class='ocrx_word' id='word_1_163' title='bbox 521 1854 648 1927; x_wconf 87' lang='lat' dir='ltr'><strong><em>reliquos</em></strong></span> <span class='ocrx_word' id='word_1_164' title='bbox 663 1854 845 1911; x_wconf 78' lang='lat' dir='ltr'><strong><em>descendisse</em></strong></span> <span class='ocrx_word' id='word_1_165' title='bbox 860 1854 978 1924; x_wconf 89' lang='lat' dir='ltr'><strong><em>diceret,</em></strong></span> <span class='ocrx_word' id='word_1_166' title='bbox 994 1869 1029 1910; x_wconf 88' lang='lat' dir='ltr'><strong><em>ue</em></strong></span> 
     </span>
     <span class='ocr_line' id='line_1_21' title="bbox 116 1935 1030 2007; baseline 0.003 -17"><span class='ocrx_word' id='word_1_167' title='bbox 116 1935 143 1990; x_wconf 90' lang='lat' dir='ltr'><strong><em>is</em></strong></span> <span class='ocrx_word' id='word_1_168' title='bbox 164 1935 276 2005; x_wconf 87' lang='lat' dir='ltr'><strong><em>quidem</em></strong></span> <span class='ocrx_word' id='word_1_169' title='bbox 304 1943 383 1993; x_wconf 85' lang='lat' dir='ltr'><strong><em>recle</em></strong></span> <span class='ocrx_word' id='word_1_170' title='bbox 416 1937 563 1994; x_wconf 85' lang='lat' dir='ltr'><strong><em>iudicaret.</em></strong></span> <span class='ocrx_word' id='word_1_171' title='bbox 607 1939 723 2007; x_wconf 80' lang='lat' dir='ltr'><strong><em>Magrus</em></strong></span> <span class='ocrx_word' id='word_1_172' title='bbox 743 1937 816 1992; x_wconf 88' lang='lat' dir='ltr'><strong><em>euim</em></strong></span> <span class='ocrx_word' id='word_1_173' title='bbox 839 1942 883 1992; x_wconf 91' lang='lat' dir='ltr'><strong><em>est</em></strong></span> <span class='ocrx_word' id='word_1_174' title='bbox 904 1937 1030 1993; x_wconf 90' lang='lat' dir='ltr'><strong><em>locorum</em></strong></span> 
     </span>
     <span class='ocr_line' id='line_1_22' title="bbox 116 2014 1029 2090; baseline 0.004 -18"><span class='ocrx_word' id='word_1_175' title='bbox 116 2031 264 2087; x_wconf 86' lang='lat' dir='ltr'><strong><em>uumerus,</em></strong></span> <span class='ocrx_word' id='word_1_176' title='bbox 279 2018 327 2074; x_wconf 90' lang='lat' dir='ltr'><strong><em>ubi</em></strong></span> <span class='ocrx_word' id='word_1_177' title='bbox 344 2037 405 2075; x_wconf 89' lang='lat' dir='ltr'><strong><em>oum</em></strong></span> <span class='ocrx_word' id='word_1_178' title='bbox 418 2014 581 2079; x_wconf 83' lang='lat' dir='ltr'><strong><em>Memmiauo</em></strong></span> <span class='ocrx_word' id='word_1_179' title='bbox 597 2020 675 2076; x_wconf 89' lang='lat' dir='ltr'><strong><em>multi</em></strong></span> <span class='ocrx_word' id='word_1_180' title='bbox 691 2019 740 2076; x_wconf 89' lang='lat' dir='ltr'><strong><em>alii</em></strong></span> <span class='ocrx_word' id='word_1_181' title='bbox 755 2019 853 2077; x_wconf 85' lang='lat' dir='ltr'><strong><em>eadem</em></strong></span> <span class='ocrx_word' id='word_1_182' title='bbox 868 2019 1029 2090; x_wconf 76' lang='lat' dir='ltr'><strong><em>corruptela</em></strong></span> 
     </span>
     <span class='ocr_line' id='line_1_23' title="bbox 117 2101 1029 2175; baseline 0.001 -19"><span class='ocrx_word' id='word_1_183' title='bbox 117 2101 212 2157; x_wconf 78' lang='lat' dir='ltr'><strong><em>affecti</em></strong></span> <span class='ocrx_word' id='word_1_184' title='bbox 228 2109 301 2158; x_wconf 90' lang='lat' dir='ltr'><strong><em>suut.</em></strong></span> <span class='ocrx_word' id='word_1_185' title='bbox 347 2103 395 2159; x_wconf 88' lang='lat' dir='ltr'><strong><em>Sic</em></strong></span> <span class='ocrx_word' id='word_1_186' title='bbox 410 2103 578 2160; x_wconf 86' lang='lat' dir='ltr'><strong><em>versiculum</em></strong></span> <span class='ocrx_word' id='word_1_187' title='bbox 598 2104 646 2175; x_wconf 87' lang='lat' dir='ltr'><strong><em>qui</em></strong></span> <span class='ocrx_word' id='word_1_188' title='bbox 661 2121 689 2175; x_wconf 81' lang='lat' dir='ltr'><strong><em>p.</em></strong></span> <span class='ocrx_word' id='word_1_189' title='bbox 706 2108 758 2173; x_wconf 74' lang='lat' dir='ltr'><strong><em>m,</em></strong></span> <span class='ocrx_word' id='word_1_190' title='bbox 781 2109 798 2164; x_wconf 83' lang='lat'><strong>6</strong></span> <span class='ocrx_word' id='word_1_191' title='bbox 813 2105 849 2160; x_wconf 87' lang='lat' dir='ltr'><strong><em>de</em></strong></span> <span class='ocrx_word' id='word_1_192' title='bbox 865 2104 956 2160; x_wconf 88' lang='lat' dir='ltr'><strong><em>tribus</em></strong></span> <span class='ocrx_word' id='word_1_193' title='bbox 970 2118 1029 2158; x_wconf 87' lang='lat' dir='ltr'><strong><em>me-</em></strong></span> 
     </span>
     <span class='ocr_line' id='line_1_24' title="bbox 117 2183 1029 2259; baseline 0.003 -20"><span class='ocrx_word' id='word_1_194' title='bbox 117 2183 180 2240; x_wconf 88' lang='lat' dir='ltr'><strong><em>dius</em></strong></span> <span class='ocrx_word' id='word_1_195' title='bbox 196 2190 254 2256; x_wconf 83' lang='lat' dir='ltr'><strong><em>ost,</em></strong></span> <span class='ocrx_word' id='word_1_196' title='bbox 270 2201 325 2242; x_wconf 85' lang='lat' dir='ltr'><strong><em>uon</em></strong></span> <span class='ocrx_word' id='word_1_197' title='bbox 341 2187 518 2243; x_wconf 86' lang='lat' dir='ltr'><strong><em>lllcrumianus</em></strong></span> <span class='ocrx_word' id='word_1_198' title='bbox 534 2189 616 2244; x_wconf 88' lang='lat' dir='ltr'><strong><em>modo</em></strong></span> <span class='ocrx_word' id='word_1_199' title='bbox 633 2188 683 2245; x_wconf 85' lang='lat' dir='ltr'><strong><em>sed</em></strong></span> <span class='ocrx_word' id='word_1_200' title='bbox 697 2187 816 2244; x_wconf 85' lang='lat' dir='ltr'><strong><em>Parisini</em></strong></span> <span class='ocrx_word' id='word_1_201' title='bbox 835 2203 946 2259; x_wconf 87' lang='lat' dir='ltr'><strong><em>quoque</em></strong></span> <span class='ocrx_word' id='word_1_202' title='bbox 960 2191 1029 2246; x_wconf 79' lang='lat'>5801</span> 
     </span>
     <span class='ocr_line' id='line_1_25' title="bbox 117 2269 1030 2343; baseline 0.003 -21"><span class='ocrx_word' id='word_1_203' title='bbox 117 2273 248 2338; x_wconf 80' lang='grc'>115804,</span> <span class='ocrx_word' id='word_1_204' title='bbox 265 2269 407 2329; x_wconf 83' lang='lat' dir='ltr'><strong><em>bledioeus</em></strong></span> <span class='ocrx_word' id='word_1_205' title='bbox 424 2271 525 2326; x_wconf 84' lang='lat' dir='ltr'><strong><em>tertius</em></strong></span> <span class='ocrx_word' id='word_1_206' title='bbox 540 2277 568 2326; x_wconf 90' lang='lat' dir='ltr'><strong><em>et</em></strong></span> <span class='ocrx_word' id='word_1_207' title='bbox 589 2271 707 2343; x_wconf 85' lang='lat' dir='ltr'><strong><em>aprima</em></strong></span> <span class='ocrx_word' id='word_1_208' title='bbox 724 2271 962 2329; x_wconf 70' lang='lat' dir='ltr'><strong><em>mauu‘llediceus</em></strong></span> <span class='ocrx_word' id='word_1_209' title='bbox 984 2285 1030 2325; x_wconf 88' lang='lat' dir='ltr'><strong><em>se-</em></strong></span> 
     </span>
     <span class='ocr_line' id='line_1_26' title="bbox 117 2350 1030 2431; baseline 0.002 -26"><span class='ocrx_word' id='word_1_210' title='bbox 117 2351 224 2407; x_wconf 82' lang='lat' dir='ltr'><strong><em>cund-us</em></strong></span> <span class='ocrx_word' id='word_1_211' title='bbox 241 2350 379 2426; x_wconf 58' lang='lat' dir='ltr'><strong><em>Qrtnum</em></strong></span> <span class='ocrx_word' id='word_1_212' title='bbox 392 2359 458 2424; x_wconf 84' lang='lat' dir='ltr'><strong><em>puto</em></strong></span> <span class='ocrx_word' id='word_1_213' title='bbox 476 2355 608 2426; x_wconf 86' lang='lat' dir='ltr'><strong><em>scriptum</em></strong></span> <span class='ocrx_word' id='word_1_214' title='bbox 627 2351 765 2428; x_wconf 83' lang='lat' dir='ltr'><strong><em>oportuit)</em></strong></span> <span class='ocrx_word' id='word_1_215' title='bbox 782 2353 946 2431; x_wconf 82' lang='lat' dir='ltr'><strong><em>omiserunt,</em></strong></span> <span class='ocrx_word' id='word_1_216' title='bbox 961 2367 1030 2408; x_wconf 86' lang='lat' dir='ltr'><strong><em>eun-</em></strong></span> 
     </span>
     <span class='ocr_line' id='line_1_27' title="bbox 117 2434 1029 2509; baseline 0.002 -21"><span class='ocrx_word' id='word_1_217' title='bbox 117 2434 180 2488; x_wconf 88' lang='lat' dir='ltr'><strong><em>dem</em></strong></span> <span class='ocrx_word' id='word_1_218' title='bbox 200 2435 406 2495; x_wconf 82' lang='lat' dir='ltr'><strong><em>vetustissimus</em></strong></span> <span class='ocrx_word' id='word_1_219' title='bbox 424 2437 534 2509; x_wconf 84' lang='lat' dir='ltr'><strong><em>quidam</em></strong></span> <span class='ocrx_word' id='word_1_220' title='bbox 556 2438 723 2509; x_wconf 85' lang='lat' dir='ltr'><strong><em>epitomator</em></strong></span> <span class='ocrx_word' id='word_1_221' title='bbox 736 2443 767 2492; x_wconf 87' lang='lat' dir='ltr'><strong><em>et</em></strong></span> <span class='ocrx_word' id='word_1_222' title='bbox 786 2437 906 2493; x_wconf 86' lang='lat' dir='ltr'><strong><em>loannes</em></strong></span> <span class='ocrx_word' id='word_1_223' title='bbox 927 2436 1029 2492; x_wconf 88' lang='lat' dir='ltr'><strong><em>Saros-</em></strong></span> 
     </span>
     <span class='ocr_line' id='line_1_28' title="bbox 116 2516 1028 2590; baseline 0.001 -19"><span class='ocrx_word' id='word_1_224' title='bbox 116 2516 260 2574; x_wconf 87' lang='lat' dir='ltr'><strong><em>berieusis</em></strong></span> <span class='ocrx_word' id='word_1_225' title='bbox 277 2525 309 2589; x_wconf 82' lang='grc'>3,</span> <span class='ocrx_word' id='word_1_226' title='bbox 332 2524 366 2577; x_wconf 82' lang='lat'><strong><em>14</em></strong></span> <span class='ocrx_word' id='word_1_227' title='bbox 389 2519 606 2590; x_wconf 82' lang='lat' dir='ltr'><strong><em>ignoraverunt,</em></strong></span> <span class='ocrx_word' id='word_1_228' title='bbox 631 2522 789 2590; x_wconf 68' lang='lat' dir='ltr'><strong><em>frustraque</em></strong></span> <span class='ocrx_word' id='word_1_229' title='bbox 810 2519 864 2575; x_wconf 86' lang='lat' dir='ltr'><strong><em>luit</em></strong></span> <span class='ocrx_word' id='word_1_230' title='bbox 885 2518 1028 2574; x_wconf 87' lang='lat' dir='ltr'><strong><em>Bentleius</em></strong></span> 
     </span>
     <span class='ocr_line' id='line_1_29' title="bbox 116 2601 1028 2673; baseline 0 -19"><span class='ocrx_word' id='word_1_231' title='bbox 116 2615 179 2656; x_wconf 89' lang='lat' dir='ltr'><strong><em>cum</em></strong></span> <span class='ocrx_word' id='word_1_232' title='bbox 197 2601 233 2656; x_wconf 91' lang='lat' dir='ltr'><strong><em>ad</em></strong></span> <span class='ocrx_word' id='word_1_233' title='bbox 247 2601 387 2673; x_wconf 76' lang='lat' dir='ltr'><strong><em>margines</em></strong></span> <span class='ocrx_word' id='word_1_234' title='bbox 402 2603 557 2659; x_wconf 85' lang='lat' dir='ltr'><strong><em>Memmiani</em></strong></span> <span class='ocrx_word' id='word_1_235' title='bbox 573 2603 638 2660; x_wconf 86' lang='lat' dir='ltr'><strong><em>libri</em></strong></span> <span class='ocrx_word' id='word_1_236' title='bbox 653 2603 758 2659; x_wconf 86' lang='lat' dir='ltr'><strong><em>alicubi</em></strong></span> <span class='ocrx_word' id='word_1_237' title='bbox 774 2603 946 2658; x_wconf 77' lang='lat' dir='ltr'><strong><em>delitescere</em></strong></span> <span class='ocrx_word' id='word_1_238' title='bbox 962 2617 1028 2670; x_wconf 87' lang='lat' dir='ltr'><strong><em>spo-</em></strong></span> 
     </span>
     <span class='ocr_line' id='line_1_30' title="bbox 116 2681 1028 2766; baseline -0.002 -28"><span class='ocrx_word' id='word_1_239' title='bbox 116 2689 203 2740; x_wconf 84' lang='lat' dir='ltr'><strong><em>rarel.</em></strong></span> <span class='ocrx_word' id='word_1_240' title='bbox 232 2685 336 2741; x_wconf 83' lang='lat' dir='ltr'><strong><em>Verum</em></strong></span> <span class='ocrx_word' id='word_1_241' title='bbox 352 2701 405 2742; x_wconf 84' lang='lat' dir='ltr'><strong><em>neo</em></strong></span> <span class='ocrx_word' id='word_1_242' title='bbox 418 2683 574 2742; x_wconf 88' lang='lat' dir='ltr'><strong><em>desiderari</em></strong></span> <span class='ocrx_word' id='word_1_243' title='bbox 589 2692 684 2757; x_wconf 86' lang='lat' dir='ltr'><strong><em>potest</em></strong></span> <span class='ocrx_word' id='word_1_244' title='bbox 696 2686 746 2741; x_wconf 87' lang='lat' dir='ltr'><strong><em>ille</em></strong></span> <span class='ocrx_word' id='word_1_245' title='bbox 762 2682 921 2766; x_wconf 76' lang='lat' dir='ltr'><strong><em>versiculus</em></strong></span> <span class='ocrx_word' id='word_1_246' title='bbox 935 2687 964 2737; x_wconf 89' lang='lat' dir='ltr'><strong><em>et</em></strong></span> <span class='ocrx_word' id='word_1_247' title='bbox 979 2681 1028 2744; x_wconf 80' lang='lat' dir='ltr'><strong><em>alii</em></strong></span> 
     </span>
     <span class='ocr_line' id='line_1_31' title="bbox 116 2764 1029 2840; baseline 0 -20"><span class='ocrx_word' id='word_1_248' title='bbox 116 2765 254 2823; x_wconf 85' lang='lat' dir='ltr'><strong><em>librorum</em></strong></span> <span class='ocrx_word' id='word_1_249' title='bbox 276 2767 374 2840; x_wconf 79' lang='lat' dir='ltr'><strong><em>generi</em></strong></span> <span class='ocrx_word' id='word_1_250' title='bbox 397 2769 523 2823; x_wconf 87' lang='lat' dir='ltr'><strong><em>debetur.</em></strong></span> <span class='ocrx_word' id='word_1_251' title='bbox 568 2767 590 2822; x_wconf 86' lang='grc' dir='ltr'><strong>Ε</strong></span> <span class='ocrx_word' id='word_1_252' title='bbox 615 2769 730 2824; x_wconf 83' lang='lat' dir='ltr'><strong><em>diverso</em></strong></span> <span class='ocrx_word' id='word_1_253' title='bbox 744 2767 833 2824; x_wconf 85' lang='lat' dir='ltr'><strong><em>verba</em></strong></span> <span class='ocrx_word' id='word_1_254' title='bbox 854 2764 978 2822; x_wconf 85' lang='lat' dir='ltr'><strong><em>insiticia</em></strong></span> <span class='ocrx_word' id='word_1_255' title='bbox 999 2765 1029 2820; x_wconf 82' lang='grc'><strong><em>111</em></strong></span> 
     </span>
     <span class='ocr_line' id='line_1_32' title="bbox 117 2846 1027 2923; baseline -0.001 -20"><span class='ocrx_word' id='word_1_256' title='bbox 117 2848 217 2904; x_wconf 81' lang='lat' dir='ltr'><strong><em>bonum</em></strong></span> <span class='ocrx_word' id='word_1_257' title='bbox 228 2859 350 2923; x_wconf 81' lang='lat' dir='ltr'><strong><em>partem,</em></strong></span> <span class='ocrx_word' id='word_1_258' title='bbox 368 2867 438 2922; x_wconf 88' lang='lat' dir='ltr'><strong><em>quae</em></strong></span> <span class='ocrx_word' id='word_1_259' title='bbox 454 2868 481 2922; x_wconf 88' lang='lat' dir='ltr'><strong><em>p.</em></strong></span> <span class='ocrx_word' id='word_1_260' title='bbox 498 2856 556 2914; x_wconf 83' lang='lat'>131,</span> <span class='ocrx_word' id='word_1_261' title='bbox 572 2857 607 2909; x_wconf 83' lang='lat'><strong><em>33</em></strong></span> <span class='ocrx_word' id='word_1_262' title='bbox 624 2851 716 2906; x_wconf 87' lang='lat' dir='ltr'><strong><em>addila</em></strong></span> <span class='ocrx_word' id='word_1_263' title='bbox 734 2848 847 2905; x_wconf 86' lang='lat' dir='ltr'><strong><em>suntad</em></strong></span> <span class='ocrx_word' id='word_1_264' title='bbox 862 2846 1027 2905; x_wconf 85' lang='lat' dir='ltr'><strong><em>vocabulum</em></strong></span> 
     </span>
     <span class='ocr_line' id='line_1_33' title="bbox 116 2927 1029 3004; baseline -0.001 -17"><span class='ocrx_word' id='word_1_265' title='bbox 116 2938 204 3004; x_wconf 84' lang='lat' dir='ltr'><strong><em>notos,</em></strong></span> <span class='ocrx_word' id='word_1_266' title='bbox 221 2934 399 2990; x_wconf 85' lang='lat' dir='ltr'><strong><em>Memmiauus</em></strong></span> <span class='ocrx_word' id='word_1_267' title='bbox 413 2933 536 3004; x_wconf 83' lang='lat' dir='ltr'><strong><em>itemquo</em></strong></span> <span class='ocrx_word' id='word_1_268' title='bbox 549 2927 626 2988; x_wconf 87' lang='lat' dir='ltr'><strong><em>malti</em></strong></span> <span class='ocrx_word' id='word_1_269' title='bbox 641 2933 690 3002; x_wconf 88' lang='lat' dir='ltr'><strong><em>alii</em></strong></span> <span class='ocrx_word' id='word_1_270' title='bbox 702 2932 768 2990; x_wconf 88' lang='lat' dir='ltr'><strong><em>libri</em></strong></span> <span class='ocrx_word' id='word_1_271' title='bbox 784 2932 962 2999; x_wconf 77' lang='lat' dir='ltr'><strong><em>admIserout,</em></strong></span> <span class='ocrx_word' id='word_1_272' title='bbox 978 2930 1029 2986; x_wconf 86' lang='lat' dir='ltr'><strong><em>sed</em></strong></span> 
     </span>
     <span class='ocr_line' id='line_1_34' title="bbox 117 3013 1028 3088; baseline 0 -18"><span class='ocrx_word' id='word_1_273' title='bbox 117 3023 217 3072; x_wconf 86' lang='lat' dir='ltr'><strong><em>carent</em></strong></span> <span class='ocrx_word' id='word_1_274' title='bbox 232 3035 266 3077; x_wconf 91' lang='lat' dir='ltr'><strong><em>eo</em></strong></span> <span class='ocrx_word' id='word_1_275' title='bbox 281 3017 469 3074; x_wconf 84' lang='lat' dir='ltr'><strong><em>additamento</em></strong></span> <span class='ocrx_word' id='word_1_276' title='bbox 484 3033 544 3072; x_wconf 90' lang='lat' dir='ltr'><strong><em>eum</em></strong></span> <span class='ocrx_word' id='word_1_277' title='bbox 557 3016 684 3072; x_wconf 87' lang='lat' dir='ltr'><strong><em>bledlceo</em></strong></span> <span class='ocrx_word' id='word_1_278' title='bbox 699 3015 789 3088; x_wconf 85' lang='lat' dir='ltr'><strong><em>primo</em></strong></span> <span class='ocrx_word' id='word_1_279' title='bbox 805 3023 834 3072; x_wconf 87' lang='lat' dir='ltr'><strong><em>ct</em></strong></span> <span class='ocrx_word' id='word_1_280' title='bbox 848 3015 932 3072; x_wconf 87' lang='lat' dir='ltr'><strong><em>tertio</em></strong></span> <span class='ocrx_word' id='word_1_281' title='bbox 948 3013 1028 3070; x_wconf 86' lang='lat' dir='ltr'><strong><em>aliis-</em></strong></span> 
     </span>
     <span class='ocr_line' id='line_1_35' title="bbox 117 3099 655 3170; baseline -0.002 -17"><span class='ocrx_word' id='word_1_282' title='bbox 117 3114 172 3170; x_wconf 84' lang='lat' dir='ltr'><strong><em>que</em></strong></span> <span class='ocrx_word' id='word_1_283' title='bbox 188 3100 281 3157; x_wconf 90' lang='lat' dir='ltr'><strong><em>multis</em></strong></span> <span class='ocrx_word' id='word_1_284' title='bbox 297 3101 379 3157; x_wconf 88' lang='lat' dir='ltr'><strong><em>libris</em></strong></span> <span class='ocrx_word' id='word_1_285' title='bbox 394 3099 532 3158; x_wconf 86' lang='lat' dir='ltr'><strong><em>editiones</em></strong></span> <span class='ocrx_word' id='word_1_286' title='bbox 549 3116 655 3157; x_wconf 88' lang='lat' dir='ltr'><strong><em>omues.</em></strong></span> 
     </span>
     <span class='ocr_line' id='line_1_36' title="bbox 178 3179 1030 3256; baseline -0.005 -18"><span class='ocrx_word' id='word_1_287' title='bbox 178 3183 228 3238; x_wconf 86' lang='lat' dir='ltr'><strong><em>llis</em></strong></span> <span class='ocrx_word' id='word_1_288' title='bbox 244 3183 380 3256; x_wconf 85' lang='lat' dir='ltr'><strong><em>exemplis</em></strong></span> <span class='ocrx_word' id='word_1_289' title='bbox 397 3182 465 3240; x_wconf 87' lang='lat' dir='ltr'><strong><em>satis</em></strong></span> <span class='ocrx_word' id='word_1_290' title='bbox 482 3183 698 3240; x_wconf 86' lang='lat' dir='ltr'><strong><em>demonstratum</em></strong></span> <span class='ocrx_word' id='word_1_291' title='bbox 714 3197 781 3238; x_wconf 85' lang='lat' dir='ltr'><strong><em>esse</em></strong></span> <span class='ocrx_word' id='word_1_292' title='bbox 796 3181 924 3250; x_wconf 83' lang='lat' dir='ltr'><strong><em>ridetur,</em></strong></span> <span class='ocrx_word' id='word_1_293' title='bbox 946 3179 1030 3234; x_wconf 76' lang='lat' dir='ltr'><strong><em>liem-</em></strong></span> 
     </span>
     <span class='ocr_line' id='line_1_37' title="bbox 116 3260 1029 3338; baseline -0.005 -18"><span class='ocrx_word' id='word_1_294' title='bbox 116 3264 237 3322; x_wconf 86' lang='lat' dir='ltr'><strong><em>mianum</em></strong></span> <span class='ocrx_word' id='word_1_295' title='bbox 254 3267 379 3323; x_wconf 87' lang='lat' dir='ltr'><strong><em>codicem</em></strong></span> <span class='ocrx_word' id='word_1_296' title='bbox 394 3283 448 3322; x_wconf 87' lang='lat' dir='ltr'><strong><em>nou</em></strong></span> <span class='ocrx_word' id='word_1_297' title='bbox 465 3284 529 3324; x_wconf 88' lang='lat' dir='ltr'><strong><em>cum.</em></strong></span> <span class='ocrx_word' id='word_1_298' title='bbox 543 3283 618 3338; x_wconf 88' lang='lat' dir='ltr'><strong><em>esse,</em></strong></span> <span class='ocrx_word' id='word_1_299' title='bbox 634 3267 707 3322; x_wconf 86' lang='lat' dir='ltr'><strong><em>uude</em></strong></span> <span class='ocrx_word' id='word_1_300' title='bbox 722 3270 860 3335; x_wconf 77' lang='lat' dir='ltr'><strong><em>tamquam</em></strong></span> <span class='ocrx_word' id='word_1_301' title='bbox 877 3281 894 3318; x_wconf 90' lang='lat' dir='ltr'><strong><em>e</em></strong></span> <span class='ocrx_word' id='word_1_302' title='bbox 908 3260 1029 3334; x_wconf 87' lang='lat' dir='ltr'><strong><em>simplici</em></strong></span> 
     </span>
     <span class='ocr_line' id='line_1_38' title="bbox 115 3345 1029 3422; baseline -0.007 -20"><span class='ocrx_word' id='word_1_303' title='bbox 115 3348 214 3405; x_wconf 87' lang='lat' dir='ltr'><strong><em>radice</em></strong></span> <span class='ocrx_word' id='word_1_304' title='bbox 235 3349 407 3422; x_wconf 84' lang='lat' dir='ltr'><strong><em>reliquorum</em></strong></span> <span class='ocrx_word' id='word_1_305' title='bbox 431 3350 564 3406; x_wconf 90' lang='lat' dir='ltr'><strong><em>librorum</em></strong></span> <span class='ocrx_word' id='word_1_306' title='bbox 584 3349 699 3407; x_wconf 86' lang='lat' dir='ltr'><strong><em>suboles</em></strong></span> <span class='ocrx_word' id='word_1_307' title='bbox 714 3353 798 3410; x_wconf 80' lang='lat' dir='ltr'><strong><em>enata</em></strong></span> <span class='ocrx_word' id='word_1_308' title='bbox 818 3347 865 3406; x_wconf 88' lang='lat' dir='ltr'><strong><em>sit.</em></strong></span> <span class='ocrx_word' id='word_1_309' title='bbox 908 3345 1029 3403; x_wconf 80' lang='lat' dir='ltr'><strong><em>Fuerunt</em></strong></span> 
     </span>
     <span class='ocr_line' id='line_1_39' title="bbox 117 3424 1028 3504; baseline -0.009 -18"><span class='ocrx_word' id='word_1_310' title='bbox 117 3430 256 3490; x_wconf 81' lang='lat' dir='ltr'><strong><em>onimium</em></strong></span> <span class='ocrx_word' id='word_1_311' title='bbox 272 3448 347 3490; x_wconf 83' lang='lat' dir='ltr'><strong><em>nouo</em></strong></span> <span class='ocrx_word' id='word_1_312' title='bbox 362 3433 544 3503; x_wconf 86' lang='lat' dir='ltr'><strong><em>saeculoque</em></strong></span> <span class='ocrx_word' id='word_1_313' title='bbox 562 3433 611 3488; x_wconf 87' lang='lat' dir='ltr'><strong><em>ille</em></strong></span> <span class='ocrx_word' id='word_1_314' title='bbox 624 3433 746 3504; x_wconf 88' lang='lat' dir='ltr'><strong><em>scriptus</em></strong></span> <span class='ocrx_word' id='word_1_315' title='bbox 761 3435 805 3488; x_wconf 81' lang='lat' dir='ltr'><strong><em>ost</em></strong></span> <span class='ocrx_word' id='word_1_316' title='bbox 818 3427 872 3489; x_wconf 87' lang='lat' dir='ltr'><strong><em>etsi</em></strong></span> <span class='ocrx_word' id='word_1_317' title='bbox 890 3442 945 3484; x_wconf 85' lang='lat' dir='ltr'><strong><em>uon</em></strong></span> <span class='ocrx_word' id='word_1_318' title='bbox 960 3424 1028 3481; x_wconf 89' lang='lat' dir='ltr'><strong><em>toti-</em></strong></span> 
     </span>
    </p>
   </div>
   <div class='ocr_carea' id='block_1_5' title="bbox 0 0 1242 3775">
    <p class='ocr_par' dir='ltr' id='par_1_5' title="bbox 0 0 1242 3775">
     <span class='ocr_line' id='line_1_40' title="bbox 0 0 1242 3775; baseline 0 1"><span class='ocrx_word' id='word_1_319' title='bbox 0 0 1242 3775; x_wconf 95' lang='lat' dir='ltr'><strong><em> </em></strong></span> 
     </span>
    </p>
   </div>
  </div>
 </body>
</html>
