2475 3775
148 166 209 235 300
317 124 344 190 *¹
399 179 453 231 c.
475 174 639 226 sunronrr
660 174 871 237 carucarum
907 199 908 206 κ

146 354 214 400 rans
235 337 409 415 impietatem
432 331 577 412 sibi-apud
593 331 765 411 parricidam
779 331 938 410 principem
958 330 1169 408 profuturnm.

147 423 304 501 impetrato
323 429 417 480 autem
438 419 538 479 mortis
559 416 678 476 arbitrio
699 415 802 498 libero
818 414 970 476 codicillos
984 414 1025 476 ad
1041 425 1168 493 patrem

147 505 328 582 corrigendis
352 503 523 583 quibusdum
544 501 679 560 versibus
701 500 759 559 suis
781 501 924 577 exaravit,
953 497 1166 580 epulatusq'ue
1190 539 1198 551 ·

147 591 269 667 largiter
292 587 410 648 brachia
430 586 466 647 ad
489 584 631 645 secandas
653 601 744 644 venas
763 582 896 663 praebuit
917 583 1048 642 medico.
1083 584 1164 644 Poe·

145 683 220 734 muta
242 675 304 733 eius
327 674 412 731 etiam
435 669 570 749 praelegi
588 670 719 742 memini,
750 667 854 727 conlidi
874 661 999 727 ieroac
1024 669 1183 748 proponis

145 757 260 818 venalia
276 774 333 817 non
346 764 453 816 tuntum
467 771 598 833 operose
614 763 647 813 et
660 752 816 830 diligenter
828 751 880 812 sed
901 753 1160 832 ineptequoqne.

146 841 238 903 Hanc
251 842 346 902 citone
361 837 606 914 initio-mutilum,
624 851 703 918 quae
717 843 748 896 ais
761 834 916 897 nonnullis
926 833 1053 896 Lucam
1064 837 1162 898 libris

146 933 273 1006 repertu
283 932 314 986 ei
323 923 365 984 ab
378 921 549 983 Omniborso
562 939 592 981 a.
608 930 687 982 1475
699 919 783 981 edito
796 926 852 996 esi,
863 920 986 998 primus
996 917 1162 1000 Iosephus

145 1009 288 1088 Scaliger
303 1007 443 1068 Suetonii
455 1008 524 1065 esse
538 1005 699 1066 iudicauit.
978 1011 981 1016 '

214 1105 380 1157 iuvenalis
394 1105 472 1154 vitam
486 1105 648 1155 omittendam
662 1105 788 1164 duximus,
802 1119 858 1153 eum
871 1119 903 1154 ne
916 1105 1033 1170 potuisse
1048 1106 1157 1169 quidem
1168 1111 1186 1152 tt

146 1174 308 1238 Tranquillus
321 1189 367 1238 per
382 1181 489 1224 aetutem
498 1173 616 1224 videatur
627 1175 660 1224 de
672 1189 701 1223 eo
714 1181 789 1239 poeta
800 1188 884 1238 agere.
958 1190 962 1196 ’

142 1311 160 1360 h
213 1243 250 1360 Iste
275 1243 416 1293 illustribus
433 1243 617 1292 Historicis
641 1240 809 1320 Hieronymus
833 1257 849 1312 e
873 1240 993 1291 Suetonio
1020 1245 1156 1309 excerpsit

162 1326 207 1372 ᾷθῦ
230 1327 288 1361 01¹0}
307 1326 309 1329 '
962 1369 964 1374 ,

209 1391 363 1455 Cornelius
373 1393 475 1472 Nepos
491 1396 617 1472 scriptor
630 1392 784 1454 historicus
799 1393 894 1454 clarus
905 1392 1031 1457 babetur
1040 1411 1073 1454 a.
1085 1403 1156 1460 715.

208 1478 361 1538 Sallustius
379 1475 500 1556 Crispus
516 1479 644 1558 scriptor
657 1478 811 1540 historicus
829 1479 856 1538 in
872 1477 985 1546 Sabinis
1005 1476 1155 1538 Amiterni
1166 1500 1183 1542 is
1210 1553 1211 1558 γ

144 1563 271 1622 nascitur
296 1579 326 1621 a.
350 1570 418 1623 668.
442 1569 499 1624 669
518 1607 526 1620 .
545 1606 577 1621 ..
601 1561 755 1632 Sallustius
778 1561 852 1624 diem
870 1562 941 1622 obiit
957 1562 1155 1639 quadriennio

144 1654 210 1704 ante
226 1644 377 1705 Actiacum
392 1644 502 1708 bellurn
514 1664 544 1706 c.
564 1653 627 1706 719.
1210 1645 1211 1676 ³

207 1726 333 1791 Messala
357 1727 499 1790 Coruinus
522 1730 761 1793 oratornasoitur
784 1738 813 1788 et
835 1728 867 1788 Τ.
884 1727 981 1789 Liuius
995 1728 1154 1792 Poterimus

143 1810 270 1893 scriptor
291 1812 446 1873 historicus
467 1831 496 1873 a.
522 1812 818 1891 695-697...1Τ.
840 1812 936 1878 Livius
957 1811 1152 1893 historiogra·
1210 1837 1211 1855 ³

143 1896 217 1975 pbus
231 1897 339 1958 Patavii
355 1901 473 1960 moritur
489 1916 519 1962 u.
532 1907 599 1960 770.
692 1932 697 1971 ·.
834 1946 837 1951 .
1026 1946 1029 1953 .
1161 1919 1181 1959 u

206 1980 381 2046 Fenestella
399 1982 582 2044 historiarum
605 1983 782 2061 scriptores
806 1982 961 2063 carminum
989 1992 1150 2061 septuage-

143 2066 215 2123 simo
232 2081 305 2124 anuo
320 2068 439 2127 moritur
454 2067 656 2146 sepeliturque
672 2063 768 2128 camis
789 2084 819 2125 c.
844 2072 912 2125 772.

207 2164 242 2237 Q.
260 2166 404 2230 menalus
424 2167 567 2229 Pedianus
587 2166 998 2245 scriptorbistoricusclarus
1013 2166 1149 2242 babetur,
1209 2168 1210 2183 *

143 2248 192 2326 qui
212 2250 430 2325 septuagesimo
450 2252 536 2311 tertio
557 2252 661 2318 aetatis
684 2268 754 2314 suae
776 2266 849 2328 anuo
869 2258 972 2328 captus
994 2250 1149 2314 luminibus

143 2330 296 2393 duodecim
309 2342 414 2411 postea
428 2334 499 2393 vixit
512 2336 771 2397 annos-insumus
795 2335 908 2395 bonore
930 2335 1058 2395 omnium
1082 2354 1177 2399 con-u

144 2434 304 2477 senescens
319 2434 349 2476 c.
367 2425 517 2480 θ28.,829.

207 2515 314 2577 Plinius
328 2518 479 2577 Secundus
495 2516 733 2581 'Novocomensis
755 2527 856 2579 orator
881 2526 911 2577 et
927 2510 1088 2581 historicus
1109 2520 1148 2577 in-

143 2602 233 2677 signis
247 2601 380 2677 babetur,
397 2604 480 2662 cuine
492 2601 613 2681 plurima
628 2604 735 2680 ingenii
746 2620 836 2681 opera
850 2601 959 2677 extant.
983 2594 1150 2663 Periitdam

141 2684 208 2741 visit
223 2684 378 2745 Vesuvium
402 2705 432 2746 o.
454 2695 660 2748 sod-862.
689 2732 697 2748 .
721 2731 729 2745 .
752 2686 817 2747 Vita
840 2686 922 2750 Plinii
945 2704 983 2745 ex
1010 2686 1149 2763 catalogo

142 2766 276 2826 Virorum
291 2769 442 2830 illustrium
454 2770 621 2849 Tranquilli.
654 2770 765 2836 Plinius
773 2764 925 2831 Secundiib
940 2769 1146 2831 Novocomeu·
1157 2792 1178 2833 so
1207 2844 1208 2856 χ

141 2847 182 2903 sis
205 2851 516 2925 equestribus'militiis
538 2853 677 2921 industrie
693 2854 808 2915 iunctus
830 2854 1057 2935 procurationes
1080 2872 1149 2933 quo·

142 2944 198 3025 que
226 2932 476 3006 splendidissimas
500 2947 531 2998 ei
557 2940 706 2999 cominuas
732 2950 840 2999 summa
866 2939 1036 3016 integritate
1062 2940 1148 2999 admi·

140 3014 288 3086 nistresis,
312 3024 342 3074 et
364 3028 461 3081 tamen
483 3022 652 3083 liberalibus
674 3022 776 3084 studiis
794 3030 904 3084 tautam
918 3038 1041 3102 operam
1058 3024 1147 3097 dedit,
1205 3070 1207 3097 q

144 3102 174 3152 ut
202 3104 388 3182 contenere
413 3107 478 3182 quie
504 3106 587 3184 plura
609 3109 638 3165 in
658 3108 731 3167 otio¹
746 3108 909 3186 scripserit.
945 3106 1048 3185 ltaque
1071 3106 1146 3167 belia
1206 3120 1207 3190 i

142 3180 251 3275 omnia,
268 3192 343 3255 quae
367 3198 490 3263 unquam
513 3203 577 3249 cum
593 3188 752 3251 ¹Germanis
770 3200 953 3269 geriacum,
969 3186 1047 3252 XX.
1064 3192 1173 3253 volu-ss

140 3260 262 3321 minibus
284 3266 518 3348 comprehendit,
535 3276 667 3353 itemque
683 3273 820 3335 naturalis
835 3274 974 3335 historiae
996 3272 1144 3337 xxxvii.
1205 3336 1206 3341 ,

139 3338 231 3441 libros
257 3344 392 3406 absolvit.
437 3350 527 3412 Periit
546 3356 631 3417 clade
653 3354 842 3439 (lampuniam
879 3359 1043 3419 cuneum
1059 3356 1145 3419 idise-

139 3434 221 3522 φησι
245 3427 333 3488 classi
360 3444 515 3508 praeesset
533 3447 564 3497 ci
581 3439 723 3517 flagrante
742 3440 924 3505 Vesubioud
945 3442 1143 3523 explorandus
1205 3442 1206 3522 l

239 3677 260 3713 ι
1204 3664 1205 3718 l
