<?xml version="1.0" encoding="UTF-8"?>
<!DOCTYPE html PUBLIC "-//W3C//DTD XHTML 1.0 Transitional//EN"
    "http://www.w3.org/TR/xhtml1/DTD/xhtml1-transitional.dtd">
<html xmlns="http://www.w3.org/1999/xhtml" xml:lang="en" lang="en">
 <head>
  <title>
</title>
<meta http-equiv="Content-Type" content="text/html;charset=utf-8" />
  <meta name='ocr-system' content='tesseract 3.04.00' />
  <meta name='ocr-capabilities' content='ocr_page ocr_carea ocr_par ocr_line ocrx_word'/>
</head>
<body>
  <div class='ocr_page' id='page_1' title='image "./csuetonitranqui03rothgoog_0306.png"; bbox 0 0 2475 3775; ppageno 0'>
   <div class='ocr_carea' id='block_1_1' title="bbox 122 116 1066 236">
    <p class='ocr_par' dir='ltr' id='par_1_1' title="bbox 122 116 1066 236">
     <span class='ocr_line' id='line_1_1' title="bbox 122 116 1066 236; baseline -0.004 -30"><span class='ocrx_word' id='word_1_1' title='bbox 122 117 187 208; x_wconf 77' lang='lat'><strong>196&#39;</strong></span> <span class='ocrx_word' id='word_1_2' title='bbox 222 155 252 204; x_wconf 85' lang='lat' dir='ltr'><strong>c.</strong></span> <span class='ocrx_word' id='word_1_3' title='bbox 265 116 416 205; x_wconf 64' lang='lat' dir='ltr'><strong>suurouu‘r</strong></span> <span class='ocrx_word' id='word_1_4' title='bbox 432 129 559 214; x_wconf 71' lang='lat' dir='ltr'><strong>innuo.</strong></span> <span class='ocrx_word' id='word_1_5' title='bbox 575 154 623 201; x_wconf 81' lang='lat' dir='ltr'><strong>os</strong></span> <span class='ocrx_word' id='word_1_6' title='bbox 637 153 720 202; x_wconf 74' lang='lat' dir='ltr'><strong>urus</strong></span> <span class='ocrx_word' id='word_1_7' title='bbox 736 152 920 236; x_wconf 77' lang='lat' dir='ltr'><strong>cassanum</strong></span> <span class='ocrx_word' id='word_1_8' title='bbox 935 153 1066 208; x_wconf 69' lang='lat' dir='ltr'><strong>mauu.</strong></span> 
     </span>
    </p>
   </div>
   <div class='ocr_carea' id='block_1_2' title="bbox 22 295 1228 3498">
    <p class='ocr_par' dir='ltr' id='par_1_2' title="bbox 121 295 1120 389">
     <span class='ocr_line' id='line_1_2' title="bbox 121 295 1120 389; baseline -0.007 -16"><span class='ocrx_word' id='word_1_9' title='bbox 121 305 220 374; x_wconf 64' lang='lat' dir='ltr'><strong>‹letes›</strong></span> <span class='ocrx_word' id='word_1_10' title='bbox 231 295 476 383; x_wconf 64' lang='lat' dir='ltr'><strong>autecessorum</strong></span> <span class='ocrx_word' id='word_1_11' title='bbox 489 346 527 356; x_wconf 91' lang='lat'>—</span> <span class='ocrx_word' id='word_1_12' title='bbox 540 300 601 388; x_wconf 71' lang='grc' dir='ltr'><strong>ἄγε</strong></span> <span class='ocrx_word' id='word_1_13' title='bbox 612 307 720 389; x_wconf 80' lang='grc' dir='ltr'><em>ἔγειρε</em></span> <span class='ocrx_word' id='word_1_14' title='bbox 731 299 891 369; x_wconf 76' lang='lat' dir='ltr'><strong>causatio!</strong></span> <span class='ocrx_word' id='word_1_15' title='bbox 910 307 1027 385; x_wconf 88' lang='lat' dir='ltr'><strong>lamque</strong></span> <span class='ocrx_word' id='word_1_16' title='bbox 1039 310 1120 384; x_wconf 81' lang='lat' dir='ltr'><strong>equi·</strong></span> 
     </span>
    </p>

    <p class='ocr_par' dir='ltr' id='par_1_3' title="bbox 122 393 1121 476">
     <span class='ocr_line' id='line_1_3' title="bbox 122 393 1121 476; baseline -0.004 -20"><span class='ocrx_word' id='word_1_17' title='bbox 122 407 168 465; x_wconf 82' lang='lat' dir='ltr'><strong>tes</strong></span> <span class='ocrx_word' id='word_1_18' title='bbox 181 395 466 476; x_wconf 82' lang='lat' dir='ltr'><strong>appropinquabant,</strong></span> <span class='ocrx_word' id='word_1_19' title='bbox 484 393 587 475; x_wconf 87' lang='lat' dir='ltr'><strong>quibus</strong></span> <span class='ocrx_word' id='word_1_20' title='bbox 607 402 795 473; x_wconf 88' lang='lat' dir='ltr'><strong>praeceptum</strong></span> <span class='ocrx_word' id='word_1_21' title='bbox 814 401 877 452; x_wconf 90' lang='lat' dir='ltr'><strong>erat</strong></span> <span class='ocrx_word' id='word_1_22' title='bbox 894 402 925 452; x_wconf 91' lang='lat' dir='ltr'><strong>ut</strong></span> <span class='ocrx_word' id='word_1_23' title='bbox 941 393 1036 451; x_wconf 71' lang='lat' dir='ltr'><strong>mrum</strong></span> <span class='ocrx_word' id='word_1_24' title='bbox 1055 409 1121 452; x_wconf 88' lang='lat' dir='ltr'><strong>eum</strong></span> 
     </span>
    </p>

    <p class='ocr_par' dir='ltr' id='par_1_4' title="bbox 122 477 1076 643">
     <span class='ocr_line' id='line_1_4' title="bbox 122 477 1075 557; baseline -0.007 -15"><span class='ocrx_word' id='word_1_25' title='bbox 122 480 319 542; x_wconf 84' lang='lat' dir='ltr'><strong>adtraherent.</strong></span> <span class='ocrx_word' id='word_1_26' title='bbox 342 478 427 554; x_wconf 85' lang='lat' dir='ltr'><strong>Quod</strong></span> <span class='ocrx_word' id='word_1_27' title='bbox 438 480 583 557; x_wconf 81' lang='lat' dir='ltr'><strong>ut-sensit,</strong></span> <span class='ocrx_word' id='word_1_28' title='bbox 594 477 907 557; x_wconf 79' lang='lat' dir='ltr'><strong>trepidanter-effatus:</strong></span> <span class='ocrx_word' id='word_1_29' title='bbox 1072 485 1075 490; x_wconf 89' lang='lat'>&#39;</span> 
     </span>
     <span class='ocr_line' id='line_1_5' title="bbox 166 549 1076 643; baseline -0.007 -18"><span class='ocrx_word' id='word_1_30' title='bbox 166 553 297 625; x_wconf 69' lang='lat' dir='ltr'><strong>“tua-v</strong></span> <span class='ocrx_word' id='word_1_31' title='bbox 306 555 336 643; x_wconf 83' lang='grc' dir='ltr'><strong>μ’</strong></span> <span class='ocrx_word' id='word_1_32' title='bbox 350 554 538 625; x_wconf 73' lang='grc' dir='ltr'><strong><em>ὠκυπόδων</em></strong></span> <span class='ocrx_word' id='word_1_33' title='bbox 549 551 635 643; x_wconf 77' lang='grc' dir='ltr'><em>ἀμφὶ</em></span> <span class='ocrx_word' id='word_1_34' title='bbox 647 553 772 633; x_wconf 81' lang='grc' dir='ltr'><strong><em>κτύπος</em></strong></span> <span class='ocrx_word' id='word_1_35' title='bbox 781 549 887 622; x_wconf 74' lang='grc' dir='ltr'><em>οὔατα</em></span> <span class='ocrx_word' id='word_1_36' title='bbox 908 551 1026 639; x_wconf 76' lang='grc' dir='ltr'><strong><em>βάλλει</em></strong></span> <span class='ocrx_word' id='word_1_37' title='bbox 1038 593 1076 604; x_wconf 91' lang='lat'><strong>-—</strong></span> 
     </span>
    </p>

    <p class='ocr_par' dir='ltr' id='par_1_5' title="bbox 58 644 1140 897">
     <span class='ocr_line' id='line_1_6' title="bbox 123 644 1140 726; baseline -0.006 -16"><span class='ocrx_word' id='word_1_38' title='bbox 123 651 232 712; x_wconf 83' lang='lat' dir='ltr'><strong>ferrum</strong></span> <span class='ocrx_word' id='word_1_39' title='bbox 243 648 344 726; x_wconf 82' lang='lat' dir='ltr'><strong>iugulo</strong></span> <span class='ocrx_word' id='word_1_40' title='bbox 357 647 464 726; x_wconf 75' lang='lat' dir='ltr'><strong>adegit,</strong></span> <span class='ocrx_word' id='word_1_41' title='bbox 483 650 598 708; x_wconf 81' lang='lat' dir='ltr'><strong>iuvante</strong></span> <span class='ocrx_word' id='word_1_42' title='bbox 612 645 815 726; x_wconf 74' lang='lat' dir='ltr'><strong>Epaphrodito</strong></span> <span class='ocrx_word' id='word_1_43' title='bbox 833 664 850 706; x_wconf 92' lang='lat' dir='ltr'><strong>a</strong></span> <span class='ocrx_word' id='word_1_44' title='bbox 865 645 982 711; x_wconf 83' lang='lat' dir='ltr'><strong>libellis.</strong></span> <span class='ocrx_word' id='word_1_45' title='bbox 1011 644 1140 704; x_wconf 79' lang='lat' dir='ltr'><strong>Senia-o</strong></span> 
     </span>
     <span class='ocr_line' id='line_1_7' title="bbox 58 727 1119 815; baseline -0.01 -18"><span class='ocrx_word' id='word_1_46' title='bbox 58 771 64 782; x_wconf 94' lang='lat'><strong>·</strong></span> <span class='ocrx_word' id='word_1_47' title='bbox 123 734 267 811; x_wconf 85' lang='lat' dir='ltr'><strong>nimisque</strong></span> <span class='ocrx_word' id='word_1_48' title='bbox 279 732 373 795; x_wconf 87' lang='lat' dir='ltr'><strong>adhuc</strong></span> <span class='ocrx_word' id='word_1_49' title='bbox 383 734 554 815; x_wconf 80' lang='lat' dir='ltr'><strong>irrumpenti</strong></span> <span class='ocrx_word' id='word_1_50' title='bbox 566 732 727 792; x_wconf 83' lang='lat' dir='ltr'><strong>centurioni</strong></span> <span class='ocrx_word' id='word_1_51' title='bbox 740 739 769 802; x_wconf 80' lang='lat' dir='ltr'><strong>et</strong></span> <span class='ocrx_word' id='word_1_52' title='bbox 780 731 904 808; x_wconf 88' lang='lat' dir='ltr'><strong>paenula</strong></span> <span class='ocrx_word' id='word_1_53' title='bbox 917 727 1119 800; x_wconf 80' lang='lat' dir='ltr'><strong>aduulnusad-</strong></span> 
     </span>
     <span class='ocr_line' id='line_1_8' title="bbox 124 811 1121 897; baseline -0.006 -19"><span class='ocrx_word' id='word_1_54' title='bbox 124 819 221 897; x_wconf 89' lang='lat' dir='ltr'><strong>posita</strong></span> <span class='ocrx_word' id='word_1_55' title='bbox 237 817 267 876; x_wconf 91' lang='lat' dir='ltr'><strong>in</strong></span> <span class='ocrx_word' id='word_1_56' title='bbox 289 816 423 876; x_wconf 83' lang='lat' dir='ltr'><strong>auxilium</strong></span> <span class='ocrx_word' id='word_1_57' title='bbox 441 817 609 882; x_wconf 87' lang='lat' dir='ltr'><strong>sevenisse</strong></span> <span class='ocrx_word' id='word_1_58' title='bbox 628 815 769 874; x_wconf 78' lang='lat' dir='ltr'><strong>simulanti</strong></span> <span class='ocrx_word' id='word_1_59' title='bbox 790 831 850 875; x_wconf 88' lang='lat' dir='ltr'><strong>non</strong></span> <span class='ocrx_word' id='word_1_60' title='bbox 872 813 948 873; x_wconf 89' lang='lat' dir='ltr'><strong>alind</strong></span> <span class='ocrx_word' id='word_1_61' title='bbox 962 811 1121 891; x_wconf 72' lang='lat' dir='ltr'><strong>&#39;respondit</strong></span> 
     </span>
    </p>

    <p class='ocr_par' dir='ltr' id='par_1_6' title="bbox 125 897 1119 981">
     <span class='ocr_line' id='line_1_9' title="bbox 125 897 1119 981; baseline -0.009 -18"><span class='ocrx_word' id='word_1_62' title='bbox 125 920 209 981; x_wconf 89' lang='lat' dir='ltr'><strong>quarn</strong></span> <span class='ocrx_word' id='word_1_63' title='bbox 218 899 317 961; x_wconf 82' lang='lat' dir='ltr'><strong>Sero!</strong></span> <span class='ocrx_word' id='word_1_64' title='bbox 329 908 359 959; x_wconf 91' lang='lat' dir='ltr'><strong>et</strong></span> <span class='ocrx_word' id='word_1_65' title='bbox 369 897 457 961; x_wconf 86' lang='lat' dir='ltr'><strong>Haec</strong></span> <span class='ocrx_word' id='word_1_66' title='bbox 467 899 620 977; x_wconf 75' lang='lat' dir='ltr'><strong>eatfidea!</strong></span> <span class='ocrx_word' id='word_1_67' title='bbox 634 899 738 978; x_wconf 46' lang='lat' dir='ltr'><strong>*Atque</strong></span> <span class='ocrx_word' id='word_1_68' title='bbox 749 899 825 959; x_wconf 88' lang='lat' dir='ltr'><strong>inea</strong></span> <span class='ocrx_word' id='word_1_69' title='bbox 842 913 918 956; x_wconf 83' lang='lat' dir='ltr'><strong>voce</strong></span> <span class='ocrx_word' id='word_1_70' title='bbox 936 897 1058 973; x_wconf 80' lang='lat' dir='ltr'><strong>deiecit,</strong></span> <span class='ocrx_word' id='word_1_71' title='bbox 1070 914 1119 956; x_wconf 86' lang='lat' dir='ltr'><strong>ex·</strong></span> 
     </span>
    </p>

    <p class='ocr_par' dir='ltr' id='par_1_7' title="bbox 124 981 1228 1063">
     <span class='ocr_line' id='line_1_10' title="bbox 124 981 1228 1063; baseline -0.005 -16"><span class='ocrx_word' id='word_1_72' title='bbox 124 984 250 1047; x_wconf 63' lang='lat' dir='ltr'><strong>entibus</strong></span> <span class='ocrx_word' id='word_1_73' title='bbox 257 982 482 1062; x_wconf 77' lang='lat' dir='ltr'><strong>rigentibusque</strong></span> <span class='ocrx_word' id='word_1_74' title='bbox 495 984 589 1044; x_wconf 89' lang='lat' dir='ltr'><strong>oculis</strong></span> <span class='ocrx_word' id='word_1_75' title='bbox 599 1001 693 1063; x_wconf 88' lang='lat' dir='ltr'><strong>usque</strong></span> <span class='ocrx_word' id='word_1_76' title='bbox 703 981 739 1043; x_wconf 86' lang='lat' dir='ltr'><strong>ad</strong></span> <span class='ocrx_word' id='word_1_77' title='bbox 755 981 909 1044; x_wconf 87' lang='lat' dir='ltr'><strong>horrorem</strong></span> <span class='ocrx_word' id='word_1_78' title='bbox 926 981 1120 1042; x_wconf 80' lang='lat' dir='ltr'><strong>formidinem·</strong></span> <span class='ocrx_word' id='word_1_79' title='bbox 1137 1057 1141 1062; x_wconf 87' lang='lat'>.</span> <span class='ocrx_word' id='word_1_80' title='bbox 1227 1031 1228 1042; x_wconf 67' lang='grc'>,</span> 
     </span>
    </p>

    <p class='ocr_par' dir='ltr' id='par_1_8' title="bbox 124 1051 1228 1406">
     <span class='ocr_line' id='line_1_11' title="bbox 125 1051 1228 1148; baseline -0.002 -19"><span class='ocrx_word' id='word_1_81' title='bbox 125 1088 183 1148; x_wconf 84' lang='lat' dir='ltr'><strong>que</strong></span> <span class='ocrx_word' id='word_1_82' title='bbox 201 1069 363 1129; x_wconf 84' lang='lat' dir='ltr'><strong>visentium</strong></span> <span class='ocrx_word' id='word_1_83' title='bbox 402 1067 480 1126; x_wconf 84' lang='lat' dir='ltr'><strong>Nihil</strong></span> <span class='ocrx_word' id='word_1_84' title='bbox 497 1068 577 1147; x_wconf 90' lang='lat' dir='ltr'><strong>prius</strong></span> <span class='ocrx_word' id='word_1_85' title='bbox 595 1076 643 1128; x_wconf 90' lang='lat' dir='ltr'><strong>aut</strong></span> <span class='ocrx_word' id='word_1_86' title='bbox 659 1067 754 1144; x_wconf 83' lang='lat' dir='ltr'><strong>magis</strong></span> <span class='ocrx_word' id='word_1_87' title='bbox 771 1065 960 1128; x_wconf 73' lang='lat' dir='ltr'><strong>uocantibus</strong></span> <span class='ocrx_word' id='word_1_88' title='bbox 978 1071 1154 1142; x_wconf 77' lang='lat' dir='ltr'><strong>exageratis</strong></span> <span class='ocrx_word' id='word_1_89' title='bbox 1227 1051 1228 1130; x_wconf 77' lang='lat' dir='ltr'><strong>i</strong></span> 
     </span>
     <span class='ocr_line' id='line_1_12' title="bbox 125 1149 1122 1231; baseline -0.004 -20"><span class='ocrx_word' id='word_1_90' title='bbox 125 1171 210 1231; x_wconf 85' lang='lat' dir='ltr'><strong>quarn</strong></span> <span class='ocrx_word' id='word_1_91' title='bbox 228 1170 264 1211; x_wconf 89' lang='lat' dir='ltr'><strong>ne</strong></span> <span class='ocrx_word' id='word_1_92' title='bbox 288 1159 420 1230; x_wconf 89' lang='lat' dir='ltr'><strong>potestas</strong></span> <span class='ocrx_word' id='word_1_93' title='bbox 439 1150 571 1231; x_wconf 85' lang='lat' dir='ltr'><strong>cuiquam</strong></span> <span class='ocrx_word' id='word_1_94' title='bbox 589 1151 693 1230; x_wconf 90' lang='lat' dir='ltr'><strong>eapitis</strong></span> <span class='ocrx_word' id='word_1_95' title='bbox 713 1149 757 1210; x_wconf 90' lang='lat' dir='ltr'><strong>sui</strong></span> <span class='ocrx_word' id='word_1_96' title='bbox 775 1151 877 1227; x_wconf 85' lang='lat' dir='ltr'><strong>fieret,</strong></span> <span class='ocrx_word' id='word_1_97' title='bbox 898 1150 950 1210; x_wconf 85' lang='lat' dir='ltr'><strong>sed</strong></span> <span class='ocrx_word' id='word_1_98' title='bbox 965 1157 1122 1228; x_wconf 84' lang='lat' dir='ltr'><strong>utquoquo</strong></span> 
     </span>
     <span class='ocr_line' id='line_1_13' title="bbox 124 1232 1122 1311; baseline -0.007 -14"><span class='ocrx_word' id='word_1_99' title='bbox 124 1235 212 1297; x_wconf 83' lang='lat' dir='ltr'><strong>modo</strong></span> <span class='ocrx_word' id='word_1_100' title='bbox 224 1244 303 1295; x_wconf 90' lang='lat' dir='ltr'><strong>totus</strong></span> <span class='ocrx_word' id='word_1_101' title='bbox 321 1244 508 1295; x_wconf 79' lang='lat' dir='ltr'><strong>cremaretur.</strong></span> <span class='ocrx_word' id='word_1_102' title='bbox 528 1236 661 1297; x_wconf 75' lang='lat' dir='ltr'><strong>Permisit</strong></span> <span class='ocrx_word' id='word_1_103' title='bbox 677 1233 737 1294; x_wconf 87' lang='lat' dir='ltr'><strong>hoe</strong></span> <span class='ocrx_word' id='word_1_104' title='bbox 747 1233 854 1311; x_wconf 88' lang='lat' dir='ltr'><strong>Icelus,</strong></span> <span class='ocrx_word' id='word_1_105' title='bbox 866 1232 1122 1308; x_wconf 82' lang='lat' dir='ltr'><strong>Galbaelibertus,</strong></span> 
     </span>
     <span class='ocr_line' id='line_1_14' title="bbox 126 1317 1123 1406; baseline -0.005 -26"><span class='ocrx_word' id='word_1_106' title='bbox 126 1338 185 1383; x_wconf 92' lang='lat' dir='ltr'><strong>non</strong></span> <span class='ocrx_word' id='word_1_107' title='bbox 196 1320 286 1406; x_wconf 83' lang='lat' dir='ltr'><strong>multo</strong></span> <span class='ocrx_word' id='word_1_108' title='bbox 299 1329 365 1380; x_wconf 89' lang='lat' dir='ltr'><strong>ante</strong></span> <span class='ocrx_word' id='word_1_109' title='bbox 383 1319 507 1379; x_wconf 82' lang='lat' dir='ltr'><strong>uinculis</strong></span> <span class='ocrx_word' id='word_1_110' title='bbox 520 1321 671 1396; x_wconf 76' lang='lat' dir='ltr'><strong>exolutus,</strong></span> <span class='ocrx_word' id='word_1_111' title='bbox 690 1321 719 1378; x_wconf 94' lang='lat' dir='ltr'><strong>in</strong></span> <span class='ocrx_word' id='word_1_112' title='bbox 731 1335 808 1396; x_wconf 89' lang='lat' dir='ltr'><strong>quae</strong></span> <span class='ocrx_word' id='word_1_113' title='bbox 817 1320 909 1398; x_wconf 89' lang='lat' dir='ltr'><strong>primo</strong></span> <span class='ocrx_word' id='word_1_114' title='bbox 921 1317 1040 1378; x_wconf 80' lang='lat' dir='ltr'><strong>tumultu</strong></span> <span class='ocrx_word' id='word_1_115' title='bbox 1054 1333 1123 1376; x_wconf 88' lang='lat' dir='ltr'><strong>con·</strong></span> 
     </span>
    </p>

    <p class='ocr_par' dir='ltr' id='par_1_9' title="bbox 22 1405 972 1483">
     <span class='ocr_line' id='line_1_15' title="bbox 22 1405 972 1483; baseline -0.006 -18"><span class='ocrx_word' id='word_1_116' title='bbox 22 1475 30 1483; x_wconf 62' lang='lat'><em>„</em></span> <span class='ocrx_word' id='word_1_117' title='bbox 127 1405 385 1465; x_wconf 41' lang='lat' dir='ltr'><strong>ieetusiueratff</strong></span> <span class='ocrx_word' id='word_1_118' title='bbox 592 1449 596 1454; x_wconf 93' lang='lat'>.</span> <span class='ocrx_word' id='word_1_119' title='bbox 780 1430 785 1439; x_wconf 64' lang='lat'><strong><em>¹</em></strong></span> <span class='ocrx_word' id='word_1_120' title='bbox 965 1435 972 1439; x_wconf 93' lang='lat'><em>-</em></span> 
     </span>
    </p>

    <p class='ocr_par' dir='ltr' id='par_1_10' title="bbox 72 1481 1228 1905">
     <span class='ocr_line' id='line_1_16' title="bbox 72 1481 1157 1566; baseline -0.006 -20"><span class='ocrx_word' id='word_1_121' title='bbox 72 1486 119 1546; x_wconf 74' lang='lat'><strong>‘50</strong></span> <span class='ocrx_word' id='word_1_122' title='bbox 132 1527 134 1530; x_wconf 78' lang='lat'><em>.</em></span> <span class='ocrx_word' id='word_1_123' title='bbox 188 1489 350 1548; x_wconf 78' lang='lat' dir='ltr'><strong>Funeratus</strong></span> <span class='ocrx_word' id='word_1_124' title='bbox 363 1497 412 1548; x_wconf 87' lang='lat' dir='ltr'><strong>est</strong></span> <span class='ocrx_word' id='word_1_125' title='bbox 420 1489 552 1566; x_wconf 89' lang='lat' dir='ltr'><strong>impensa</strong></span> <span class='ocrx_word' id='word_1_126' title='bbox 564 1488 756 1548; x_wconf 87' lang='lat' dir='ltr'><strong>ducentorum</strong></span> <span class='ocrx_word' id='word_1_127' title='bbox 763 1485 885 1564; x_wconf 87' lang='lat' dir='ltr'><strong>milium,</strong></span> <span class='ocrx_word' id='word_1_128' title='bbox 899 1484 1034 1562; x_wconf 81' lang='lat' dir='ltr'><strong>stragulis</strong></span> <span class='ocrx_word' id='word_1_129' title='bbox 1048 1481 1157 1551; x_wconf 75' lang='lat' dir='ltr'><strong>alhis15</strong></span> 
     </span>
     <span class='ocr_line' id='line_1_17' title="bbox 127 1564 1125 1650; baseline -0.009 -16"><span class='ocrx_word' id='word_1_130' title='bbox 127 1591 198 1634; x_wconf 92' lang='lat' dir='ltr'><strong>auro</strong></span> <span class='ocrx_word' id='word_1_131' title='bbox 216 1572 348 1648; x_wconf 83' lang='lat' dir='ltr'><strong>intextis,</strong></span> <span class='ocrx_word' id='word_1_132' title='bbox 368 1572 470 1650; x_wconf 80' lang='lat' dir='ltr'><strong>quihus</strong></span> <span class='ocrx_word' id='word_1_133' title='bbox 481 1589 550 1647; x_wconf 88' lang='lat' dir='ltr'><strong>usus</strong></span> <span class='ocrx_word' id='word_1_134' title='bbox 566 1571 613 1632; x_wconf 84' lang='lat' dir='ltr'><strong>lll.</strong></span> <span class='ocrx_word' id='word_1_135' title='bbox 630 1570 690 1632; x_wconf 87' lang='lat' dir='ltr'><strong>lan.</strong></span> <span class='ocrx_word' id='word_1_136' title='bbox 703 1564 808 1631; x_wconf 81' lang='lat' dir='ltr'><strong>luerat.</strong></span> <span class='ocrx_word' id='word_1_137' title='bbox 837 1565 988 1648; x_wconf 84' lang='lat' dir='ltr'><strong>Reliquias</strong></span> <span class='ocrx_word' id='word_1_138' title='bbox 1006 1567 1125 1644; x_wconf 84' lang='lat' dir='ltr'><strong>Ecloge</strong></span> 
     </span>
     <span class='ocr_line' id='line_1_18' title="bbox 127 1652 1126 1732; baseline -0.008 -16"><span class='ocrx_word' id='word_1_139' title='bbox 127 1666 157 1716; x_wconf 90' lang='lat' dir='ltr'><strong>et</strong></span> <span class='ocrx_word' id='word_1_140' title='bbox 168 1655 345 1717; x_wconf 80' lang='lat' dir='ltr'><strong>Alexandria</strong></span> <span class='ocrx_word' id='word_1_141' title='bbox 356 1658 484 1715; x_wconf 80' lang='lat' dir='ltr'><strong>nunices</strong></span> <span class='ocrx_word' id='word_1_142' title='bbox 495 1674 558 1716; x_wconf 90' lang='lat' dir='ltr'><strong>eum</strong></span> <span class='ocrx_word' id='word_1_143' title='bbox 564 1655 640 1716; x_wconf 80' lang='lat' dir='ltr'><strong>Acte</strong></span> <span class='ocrx_word' id='word_1_144' title='bbox 655 1655 814 1715; x_wconf 88' lang='lat' dir='ltr'><strong>concubina</strong></span> <span class='ocrx_word' id='word_1_145' title='bbox 825 1652 1126 1732; x_wconf 80' lang='lat' dir='ltr'><strong>gentiliDomitiorum</strong></span> 
     </span>
     <span class='ocr_line' id='line_1_19' title="bbox 126 1735 1228 1821; baseline -0.008 -20"><span class='ocrx_word' id='word_1_146' title='bbox 126 1741 302 1801; x_wconf 87' lang='lat' dir='ltr'><strong>monimento</strong></span> <span class='ocrx_word' id='word_1_147' title='bbox 316 1738 517 1818; x_wconf 83' lang='lat' dir='ltr'><strong>condiderunt,</strong></span> <span class='ocrx_word' id='word_1_148' title='bbox 530 1739 608 1818; x_wconf 85' lang='lat' dir='ltr'><strong>quod</strong></span> <span class='ocrx_word' id='word_1_149' title='bbox 620 1741 799 1821; x_wconf 78' lang='lat' dir='ltr'><strong>prospicitur</strong></span> <span class='ocrx_word' id='word_1_150' title='bbox 810 1757 827 1798; x_wconf 90' lang='lat' dir='ltr'><strong>e</strong></span> <span class='ocrx_word' id='word_1_151' title='bbox 839 1755 942 1816; x_wconf 91' lang='lat' dir='ltr'><strong>campo</strong></span> <span class='ocrx_word' id='word_1_152' title='bbox 954 1736 1058 1798; x_wconf 89' lang='lat' dir='ltr'><strong>llartio</strong></span> <span class='ocrx_word' id='word_1_153' title='bbox 1074 1735 1125 1793; x_wconf 92' lang='lat' dir='ltr'><strong>im·</strong></span> <span class='ocrx_word' id='word_1_154' title='bbox 1227 1793 1228 1820; x_wconf 22' lang='grc' dir='ltr'><strong>ἶ</strong></span> 
     </span>
     <span class='ocr_line' id='line_1_20' title="bbox 128 1818 1228 1905; baseline -0.001 -20"><span class='ocrx_word' id='word_1_155' title='bbox 128 1822 542 1905; x_wconf 83' lang='lat' dir='ltr'><strong>positumcollillortulorum.</strong></span> <span class='ocrx_word' id='word_1_156' title='bbox 564 1822 597 1884; x_wconf 94' lang='lat' dir='ltr'><strong>ln</strong></span> <span class='ocrx_word' id='word_1_157' title='bbox 609 1821 647 1884; x_wconf 87' lang='lat' dir='ltr'><strong>eo</strong></span> <span class='ocrx_word' id='word_1_158' title='bbox 659 1825 835 1885; x_wconf 86' lang='lat' dir='ltr'><strong>monimento</strong></span> <span class='ocrx_word' id='word_1_159' title='bbox 848 1823 952 1882; x_wconf 87' lang='lat' dir='ltr'><strong>solium</strong></span> <span class='ocrx_word' id='word_1_160' title='bbox 961 1818 1126 1901; x_wconf 75' lang='lat' dir='ltr'><strong>porphyre·</strong></span> <span class='ocrx_word' id='word_1_161' title='bbox 1227 1843 1228 1884; x_wconf 66' lang='lat' dir='ltr'><strong>t</strong></span> 
     </span>
    </p>

    <p class='ocr_par' dir='ltr' id='par_1_11' title="bbox 29 1896 1228 2052">
     <span class='ocr_line' id='line_1_21' title="bbox 29 1903 1160 2052; baseline -0.008 -82"><span class='ocrx_word' id='word_1_162' title='bbox 29 1977 32 1980; x_wconf 56' lang='grc'><em>,</em></span> <span class='ocrx_word' id='word_1_163' title='bbox 127 1912 178 1970; x_wconf 89' lang='lat' dir='ltr'><strong>tiei</strong></span> <span class='ocrx_word' id='word_1_164' title='bbox 191 1910 351 2052; x_wconf 55' lang='lat' dir='ltr'><strong>nparmoris,</strong></span> <span class='ocrx_word' id='word_1_165' title='bbox 364 1918 546 1989; x_wconf 85' lang='lat' dir='ltr'><strong>superstante</strong></span> <span class='ocrx_word' id='word_1_166' title='bbox 557 1909 681 1970; x_wconf 83' lang='lat' dir='ltr'><strong>lunensi</strong></span> <span class='ocrx_word' id='word_1_167' title='bbox 694 1928 759 1987; x_wconf 89' lang='lat' dir='ltr'><strong>ara,</strong></span> <span class='ocrx_word' id='word_1_168' title='bbox 779 1908 1003 1987; x_wconf 90' lang='lat' dir='ltr'><strong>circumseptum</strong></span> <span class='ocrx_word' id='word_1_169' title='bbox 1020 1913 1066 1963; x_wconf 91' lang='lat' dir='ltr'><strong>est</strong></span> <span class='ocrx_word' id='word_1_170' title='bbox 1083 1903 1125 1965; x_wconf 92' lang='lat' dir='ltr'><strong>la·</strong></span> <span class='ocrx_word' id='word_1_171' title='bbox 1135 1921 1160 1962; x_wconf 78' lang='lat' dir='ltr'><strong>so</strong></span> 
     </span>
    </p>

    <p class='ocr_par' dir='ltr' id='par_1_12' title="bbox 149 1993 323 2053">
     <span class='ocr_line' id='line_1_22' title="bbox 149 1993 323 2053; baseline -0.011 0"><span class='ocrx_word' id='word_1_172' title='bbox 149 1994 196 2053; x_wconf 85' lang='lat' dir='ltr'><strong>ide</strong></span> <span class='ocrx_word' id='word_1_173' title='bbox 231 1993 323 2052; x_wconf 89' lang='lat' dir='ltr'><strong>hasio.</strong></span> 
     </span>
    </p>

    <p class='ocr_par' dir='ltr' id='par_1_13' title="bbox 86 2012 1228 2828">
     <span class='ocr_line' id='line_1_23' title="bbox 86 2012 1126 2157; baseline -0.009 -18"><span class='ocrx_word' id='word_1_174' title='bbox 86 2012 148 2139; x_wconf 66' lang='lat' dir='ltr'><strong>alp</strong></span> <span class='ocrx_word' id='word_1_175' title='bbox 195 2076 310 2135; x_wconf 83' lang='lat' dir='ltr'><strong>Statura</strong></span> <span class='ocrx_word' id='word_1_176' title='bbox 323 2076 376 2135; x_wconf 84' lang='lat' dir='ltr'><strong>luit</strong></span> <span class='ocrx_word' id='word_1_177' title='bbox 386 2095 481 2157; x_wconf 89' lang='lat' dir='ltr'><strong>prope</strong></span> <span class='ocrx_word' id='word_1_178' title='bbox 492 2079 577 2154; x_wconf 86' lang='lat' dir='ltr'><strong>iusta,</strong></span> <span class='ocrx_word' id='word_1_179' title='bbox 591 2094 719 2157; x_wconf 87' lang='lat' dir='ltr'><strong>corpore</strong></span> <span class='ocrx_word' id='word_1_180' title='bbox 731 2076 881 2138; x_wconf 91' lang='lat' dir='ltr'><strong>maculoso</strong></span> <span class='ocrx_word' id='word_1_181' title='bbox 891 2071 1046 2149; x_wconf 66' lang='lat' dir='ltr'><strong>struendo,</strong></span> <span class='ocrx_word' id='word_1_182' title='bbox 1059 2069 1126 2131; x_wconf 88' lang='lat' dir='ltr'><strong>sub·</strong></span> 
     </span>
     <span class='ocr_line' id='line_1_24' title="bbox 129 2156 1228 2240; baseline -0.005 -22"><span class='ocrx_word' id='word_1_183' title='bbox 129 2158 206 2219; x_wconf 85' lang='lat' dir='ltr'><strong>llaro</strong></span> <span class='ocrx_word' id='word_1_184' title='bbox 216 2158 337 2235; x_wconf 76' lang='lat' dir='ltr'><strong>capillo,</strong></span> <span class='ocrx_word' id='word_1_185' title='bbox 350 2160 430 2219; x_wconf 80' lang='lat' dir='ltr'><strong>vultu</strong></span> <span class='ocrx_word' id='word_1_186' title='bbox 443 2161 565 2239; x_wconf 84' lang='lat' dir='ltr'><strong>pulchro</strong></span> <span class='ocrx_word' id='word_1_187' title='bbox 575 2164 668 2238; x_wconf 82' lang='lat' dir='ltr'><strong>magis</strong></span> <span class='ocrx_word' id='word_1_188' title='bbox 681 2178 765 2240; x_wconf 88' lang='lat' dir='ltr'><strong>quarn</strong></span> <span class='ocrx_word' id='word_1_189' title='bbox 775 2166 909 2235; x_wconf 82' lang='lat' dir='ltr'><strong>venusto,</strong></span> <span class='ocrx_word' id='word_1_190' title='bbox 923 2157 1018 2218; x_wconf 93' lang='lat' dir='ltr'><strong>oculis</strong></span> <span class='ocrx_word' id='word_1_191' title='bbox 1029 2156 1127 2215; x_wconf 86' lang='lat' dir='ltr'><strong>caesis</strong></span> <span class='ocrx_word' id='word_1_192' title='bbox 1227 2234 1228 2239; x_wconf 8' lang='grc' dir='ltr'>ἵ</span> 
     </span>
     <span class='ocr_line' id='line_1_25' title="bbox 129 2238 1228 2324; baseline -0.004 -23"><span class='ocrx_word' id='word_1_193' title='bbox 129 2250 160 2301; x_wconf 89' lang='lat' dir='ltr'><strong>et</strong></span> <span class='ocrx_word' id='word_1_194' title='bbox 170 2240 387 2317; x_wconf 86' lang='lat' dir='ltr'><strong>hebetioribus,</strong></span> <span class='ocrx_word' id='word_1_195' title='bbox 403 2246 520 2304; x_wconf 85' lang='lat' dir='ltr'><strong>cervice</strong></span> <span class='ocrx_word' id='word_1_196' title='bbox 537 2244 643 2319; x_wconf 85' lang='lat' dir='ltr'><strong>obesa,</strong></span> <span class='ocrx_word' id='word_1_197' title='bbox 662 2254 762 2304; x_wconf 90' lang='lat' dir='ltr'><strong>ventre</strong></span> <span class='ocrx_word' id='word_1_198' title='bbox 781 2238 1127 2324; x_wconf 76' lang='lat' dir='ltr'><strong>proiecto,⁸gr&#39;aeillimis</strong></span> <span class='ocrx_word' id='word_1_199' title='bbox 1227 2262 1228 2269; x_wconf 48' lang='lat'>¹</span> 
     </span>
     <span class='ocr_line' id='line_1_26' title="bbox 130 2322 1161 2410; baseline 0.001 -25"><span class='ocrx_word' id='word_1_200' title='bbox 130 2322 273 2400; x_wconf 90' lang='lat' dir='ltr'><strong>cruribus,</strong></span> <span class='ocrx_word' id='word_1_201' title='bbox 284 2324 441 2385; x_wconf 74' lang='lat' dir='ltr'><strong>valitudine</strong></span> <span class='ocrx_word' id='word_1_202' title='bbox 452 2344 597 2406; x_wconf 90' lang='lat' dir='ltr'><strong>prospera</strong></span> <span class='ocrx_word' id='word_1_203' title='bbox 604 2329 683 2406; x_wconf 86' lang='lat' dir='ltr'><strong>(nam</strong></span> <span class='ocrx_word' id='word_1_204' title='bbox 692 2330 739 2410; x_wconf 90' lang='lat' dir='ltr'><strong>qui</strong></span> <span class='ocrx_word' id='word_1_205' title='bbox 749 2327 879 2389; x_wconf 84' lang='lat' dir='ltr'><strong>luxuriae</strong></span> <span class='ocrx_word' id='word_1_206' title='bbox 891 2324 1126 2386; x_wconf 88' lang='lat' dir='ltr'><strong>immoderatissi·</strong></span> <span class='ocrx_word' id='word_1_207' title='bbox 1136 2346 1161 2386; x_wconf 70' lang='lat' dir='ltr'><strong>aa</strong></span> 
     </span>
     <span class='ocr_line' id='line_1_27' title="bbox 128 2410 1128 2489; baseline -0.006 -18"><span class='ocrx_word' id='word_1_208' title='bbox 128 2428 194 2471; x_wconf 88' lang='lat' dir='ltr'><strong>mae</strong></span> <span class='ocrx_word' id='word_1_209' title='bbox 205 2416 295 2485; x_wconf 87' lang='lat' dir='ltr'><strong>esset,</strong></span> <span class='ocrx_word' id='word_1_210' title='bbox 309 2416 355 2467; x_wconf 89' lang='lat' dir='ltr'><strong>ter</strong></span> <span class='ocrx_word' id='word_1_211' title='bbox 368 2412 483 2471; x_wconf 90' lang='lat' dir='ltr'><strong>omnino</strong></span> <span class='ocrx_word' id='word_1_212' title='bbox 495 2429 550 2489; x_wconf 91' lang='lat' dir='ltr'><strong>per</strong></span> <span class='ocrx_word' id='word_1_213' title='bbox 562 2412 790 2489; x_wconf 79' lang='lat' dir='ltr'><strong>quattuordecim</strong></span> <span class='ocrx_word' id='word_1_214' title='bbox 803 2428 893 2473; x_wconf 90' lang='lat' dir='ltr'><strong>annos</strong></span> <span class='ocrx_word' id='word_1_215' title='bbox 907 2410 1027 2487; x_wconf 81' lang='lat' dir='ltr'><strong>languit,</strong></span> <span class='ocrx_word' id='word_1_216' title='bbox 1039 2416 1128 2486; x_wconf 80' lang='lat' dir='ltr'><strong>atque</strong></span> 
     </span>
     <span class='ocr_line' id='line_1_28' title="bbox 128 2491 1228 2576; baseline -0.007 -20"><span class='ocrx_word' id='word_1_217' title='bbox 128 2498 205 2556; x_wconf 89' lang='lat' dir='ltr'><strong>itaut</strong></span> <span class='ocrx_word' id='word_1_218' title='bbox 215 2494 388 2571; x_wconf 87' lang='lat' dir='ltr'><strong>nequeuiuo</strong></span> <span class='ocrx_word' id='word_1_219' title='bbox 397 2512 493 2573; x_wconf 83' lang='lat' dir='ltr'><strong>neque</strong></span> <span class='ocrx_word' id='word_1_220' title='bbox 502 2494 711 2567; x_wconf 82' lang='lat' dir='ltr'><strong>consuetudine</strong></span> <span class='ocrx_word' id='word_1_221' title='bbox 721 2497 834 2576; x_wconf 87' lang='lat' dir='ltr'><strong>reliqua</strong></span> <span class='ocrx_word' id='word_1_222' title='bbox 842 2495 1001 2561; x_wconf 81' lang='lat' dir='ltr'><strong>abstineret</strong></span> <span class='ocrx_word' id='word_1_223' title='bbox 1008 2491 1034 2570; x_wconf 88' lang='lat'><strong>;)</strong></span> <span class='ocrx_word' id='word_1_224' title='bbox 1047 2493 1129 2551; x_wconf 90' lang='lat' dir='ltr'><strong>eirca</strong></span> <span class='ocrx_word' id='word_1_225' title='bbox 1227 2558 1228 2567; x_wconf 10' lang='grc' dir='ltr'>χ</span> 
     </span>
     <span class='ocr_line' id='line_1_29' title="bbox 129 2576 1127 2659; baseline -0.006 -20"><span class='ocrx_word' id='word_1_226' title='bbox 129 2580 236 2640; x_wconf 89' lang='lat' dir='ltr'><strong>cultum</strong></span> <span class='ocrx_word' id='word_1_227' title='bbox 247 2576 431 2657; x_wconf 83' lang='lat' dir='ltr'><strong>habitumque</strong></span> <span class='ocrx_word' id='word_1_228' title='bbox 444 2578 518 2641; x_wconf 84' lang='lat' dir='ltr'><strong>atleo</strong></span> <span class='ocrx_word' id='word_1_229' title='bbox 530 2578 698 2658; x_wconf 84' lang='lat' dir='ltr'><strong>pudendus,</strong></span> <span class='ocrx_word' id='word_1_230' title='bbox 716 2590 747 2640; x_wconf 91' lang='lat' dir='ltr'><strong>ut</strong></span> <span class='ocrx_word' id='word_1_231' title='bbox 762 2598 872 2641; x_wconf 90' lang='lat' dir='ltr'><strong>comam</strong></span> <span class='ocrx_word' id='word_1_232' title='bbox 888 2595 1005 2659; x_wconf 90' lang='lat' dir='ltr'><strong>semper</strong></span> <span class='ocrx_word' id='word_1_233' title='bbox 1017 2577 1046 2636; x_wconf 90' lang='lat' dir='ltr'><strong>in</strong></span> <span class='ocrx_word' id='word_1_234' title='bbox 1059 2590 1127 2652; x_wconf 84' lang='lat' dir='ltr'><strong>gra-</strong></span> 
     </span>
     <span class='ocr_line' id='line_1_30' title="bbox 130 2660 1128 2743; baseline -0.007 -20"><span class='ocrx_word' id='word_1_235' title='bbox 130 2663 183 2723; x_wconf 89' lang='lat' dir='ltr'><strong>dus</strong></span> <span class='ocrx_word' id='word_1_236' title='bbox 199 2664 350 2723; x_wconf 90' lang='lat' dir='ltr'><strong>formatam</strong></span> <span class='ocrx_word' id='word_1_237' title='bbox 371 2664 608 2742; x_wconf 84' lang='lat' dir='ltr'><strong>peregrinatione</strong></span> <span class='ocrx_word' id='word_1_238' title='bbox 632 2664 761 2727; x_wconf 76' lang='lat' dir='ltr'><strong>Achaica</strong></span> <span class='ocrx_word' id='word_1_239' title='bbox 780 2666 864 2725; x_wconf 92' lang='lat' dir='ltr'><strong>etiam</strong></span> <span class='ocrx_word' id='word_1_240' title='bbox 881 2667 960 2743; x_wconf 87' lang='lat' dir='ltr'><strong>pone</strong></span> <span class='ocrx_word' id='word_1_241' title='bbox 985 2660 1128 2719; x_wconf 85' lang='lat' dir='ltr'><strong>verticem</strong></span> 
     </span>
     <span class='ocr_line' id='line_1_31' title="bbox 130 2743 1163 2828; baseline 0 -24"><span class='ocrx_word' id='word_1_242' title='bbox 130 2747 310 2823; x_wconf 88' lang='lat' dir='ltr'><strong>summiserit,</strong></span> <span class='ocrx_word' id='word_1_243' title='bbox 323 2766 358 2809; x_wconf 87' lang='lat' dir='ltr'><strong>ac</strong></span> <span class='ocrx_word' id='word_1_244' title='bbox 371 2747 550 2828; x_wconf 82' lang='lat' dir='ltr'><strong>plerumque,</strong></span> <span class='ocrx_word' id='word_1_245' title='bbox 567 2745 761 2824; x_wconf 75' lang='lat' dir='ltr'><strong>synthesinam</strong></span> <span class='ocrx_word' id='word_1_246' title='bbox 770 2749 899 2825; x_wconf 86' lang='lat' dir='ltr'><strong>indutus,</strong></span> <span class='ocrx_word' id='word_1_247' title='bbox 912 2747 1004 2824; x_wconf 85' lang='lat' dir='ltr'><strong>ligato</strong></span> <span class='ocrx_word' id='word_1_248' title='bbox 1017 2743 1128 2803; x_wconf 88' lang='lat' dir='ltr'><strong>circum</strong></span> <span class='ocrx_word' id='word_1_249' title='bbox 1138 2762 1163 2804; x_wconf 85' lang='lat' dir='ltr'><strong>au</strong></span> 
     </span>
    </p>

    <p class='ocr_par' dir='ltr' id='par_1_14' title="bbox 70 2824 1129 2969">
     <span class='ocr_line' id='line_1_32' title="bbox 70 2824 1129 2912; baseline -0.003 -26"><span class='ocrx_word' id='word_1_250' title='bbox 70 2904 73 2908; x_wconf 20' lang='grc' dir='ltr'><strong><em>Ι</em></strong></span> <span class='ocrx_word' id='word_1_251' title='bbox 131 2828 237 2891; x_wconf 90' lang='lat' dir='ltr'><strong>collum</strong></span> <span class='ocrx_word' id='word_1_252' title='bbox 255 2829 372 2892; x_wconf 87' lang='lat' dir='ltr'><strong>sudario</strong></span> <span class='ocrx_word' id='word_1_253' title='bbox 393 2832 535 2911; x_wconf 85' lang='lat' dir='ltr'><strong>prodierit</strong></span> <span class='ocrx_word' id='word_1_254' title='bbox 556 2833 585 2892; x_wconf 91' lang='lat' dir='ltr'><strong>in</strong></span> <span class='ocrx_word' id='word_1_255' title='bbox 602 2830 749 2912; x_wconf 90' lang='lat' dir='ltr'><strong>publicum</strong></span> <span class='ocrx_word' id='word_1_256' title='bbox 774 2834 836 2893; x_wconf 89' lang='lat' dir='ltr'><strong>sine</strong></span> <span class='ocrx_word' id='word_1_257' title='bbox 858 2833 954 2891; x_wconf 89' lang='lat' dir='ltr'><strong>cinctu</strong></span> <span class='ocrx_word' id='word_1_258' title='bbox 972 2838 1005 2890; x_wconf 87' lang='lat' dir='ltr'><strong>et</strong></span> <span class='ocrx_word' id='word_1_259' title='bbox 1022 2824 1129 2887; x_wconf 87' lang='lat' dir='ltr'><strong>discal-</strong></span> 
     </span>
     <span class='ocr_line' id='line_1_33' title="bbox 131 2912 451 2969; baseline -0.006 0"><span class='ocrx_word' id='word_1_260' title='bbox 131 2912 231 2969; x_wconf 88' lang='lat' dir='ltr'><strong>ciatus.</strong></span> <span class='ocrx_word' id='word_1_261' title='bbox 447 2946 451 2951; x_wconf 89' lang='lat'>·</span> 
     </span>
    </p>

    <p class='ocr_par' dir='ltr' id='par_1_15' title="bbox 88 2992 1169 3498">
     <span class='ocr_line' id='line_1_34' title="bbox 88 2992 1130 3079; baseline 0.002 -27"><span class='ocrx_word' id='word_1_262' title='bbox 88 3000 123 3053; x_wconf 77' lang='lat'><strong>52</strong></span> <span class='ocrx_word' id='word_1_263' title='bbox 191 2992 332 3056; x_wconf 86' lang='lat' dir='ltr'><strong>Liberalis</strong></span> <span class='ocrx_word' id='word_1_264' title='bbox 343 2997 513 3078; x_wconf 85' lang='lat' dir='ltr'><strong>disciplinas</strong></span> <span class='ocrx_word' id='word_1_265' title='bbox 523 3001 618 3060; x_wconf 86' lang='lat' dir='ltr'><strong>omnis</strong></span> <span class='ocrx_word' id='word_1_266' title='bbox 629 3000 691 3060; x_wconf 83' lang='lat' dir='ltr'><strong>iere</strong></span> <span class='ocrx_word' id='word_1_267' title='bbox 704 3018 777 3079; x_wconf 89' lang='lat' dir='ltr'><strong>puer</strong></span> <span class='ocrx_word' id='word_1_268' title='bbox 789 3000 891 3077; x_wconf 88' lang='lat' dir='ltr'><strong>attigit.</strong></span> <span class='ocrx_word' id='word_1_269' title='bbox 922 2996 982 3058; x_wconf 85' lang='lat' dir='ltr'><strong>Sed</strong></span> <span class='ocrx_word' id='word_1_270' title='bbox 998 3014 1015 3057; x_wconf 92' lang='lat' dir='ltr'><strong>a</strong></span> <span class='ocrx_word' id='word_1_271' title='bbox 1032 2994 1130 3076; x_wconf 91' lang='lat' dir='ltr'><strong>plrilo-</strong></span> 
     </span>
     <span class='ocr_line' id='line_1_35' title="bbox 130 3076 1130 3167; baseline 0.001 -30"><span class='ocrx_word' id='word_1_272' title='bbox 130 3076 235 3155; x_wconf 92' lang='lat' dir='ltr'><strong>sophia</strong></span> <span class='ocrx_word' id='word_1_273' title='bbox 251 3095 316 3138; x_wconf 89' lang='lat' dir='ltr'><strong>cum</strong></span> <span class='ocrx_word' id='word_1_274' title='bbox 327 3090 419 3142; x_wconf 89' lang='lat' dir='ltr'><strong>mater</strong></span> <span class='ocrx_word' id='word_1_275' title='bbox 428 3086 540 3161; x_wconf 80' lang='lat' dir='ltr'><strong>auertit,</strong></span> <span class='ocrx_word' id='word_1_276' title='bbox 553 3101 673 3144; x_wconf 89' lang='lat' dir='ltr'><strong>monens</strong></span> <span class='ocrx_word' id='word_1_277' title='bbox 680 3085 856 3167; x_wconf 87' lang='lat' dir='ltr'><strong>imperaturo</strong></span> <span class='ocrx_word' id='word_1_278' title='bbox 863 3083 1038 3143; x_wconf 91' lang='lat' dir='ltr'><strong>contrariam</strong></span> <span class='ocrx_word' id='word_1_279' title='bbox 1045 3096 1130 3145; x_wconf 78' lang='lat' dir='ltr'><strong>esse:</strong></span> 
     </span>
     <span class='ocr_line' id='line_1_36' title="bbox 130 3162 1169 3249; baseline 0.003 -28"><span class='ocrx_word' id='word_1_280' title='bbox 130 3162 328 3238; x_wconf 85' lang='lat' dir='ltr'><strong>acognitione</strong></span> <span class='ocrx_word' id='word_1_281' title='bbox 340 3173 469 3225; x_wconf 89' lang='lat' dir='ltr'><strong>veterum</strong></span> <span class='ocrx_word' id='word_1_282' title='bbox 487 3178 633 3229; x_wconf 89' lang='lat' dir='ltr'><strong>oratorum</strong></span> <span class='ocrx_word' id='word_1_283' title='bbox 651 3168 765 3229; x_wconf 79' lang='lat' dir='ltr'><strong>Seneca</strong></span> <span class='ocrx_word' id='word_1_284' title='bbox 783 3176 970 3249; x_wconf 90' lang='lat' dir='ltr'><strong>praeceptor,</strong></span> <span class='ocrx_word' id='word_1_285' title='bbox 989 3182 1048 3245; x_wconf 84' lang='lat' dir='ltr'><strong>quo</strong></span> <span class='ocrx_word' id='word_1_286' title='bbox 1066 3162 1169 3224; x_wconf 74' lang='lat' dir='ltr'><strong>diu-es</strong></span> 
     </span>
     <span class='ocr_line' id='line_1_37' title="bbox 130 3244 1131 3332; baseline 0.003 -29"><span class='ocrx_word' id='word_1_287' title='bbox 130 3246 187 3305; x_wconf 86' lang='lat' dir='ltr'><strong>tius</strong></span> <span class='ocrx_word' id='word_1_288' title='bbox 200 3247 228 3304; x_wconf 89' lang='lat' dir='ltr'><strong>in</strong></span> <span class='ocrx_word' id='word_1_289' title='bbox 240 3244 429 3307; x_wconf 83' lang='lat' dir='ltr'><strong>admiratione</strong></span> <span class='ocrx_word' id='word_1_290' title='bbox 444 3250 488 3307; x_wconf 89' lang='lat' dir='ltr'><strong>sui</strong></span> <span class='ocrx_word' id='word_1_291' title='bbox 501 3249 654 3311; x_wconf 87' lang='lat' dir='ltr'><strong>detineret.</strong></span> <span class='ocrx_word' id='word_1_292' title='bbox 674 3250 775 3332; x_wconf 87' lang='lat' dir='ltr'><strong>ltaque</strong></span> <span class='ocrx_word' id='word_1_293' title='bbox 793 3253 829 3313; x_wconf 83' lang='lat' dir='ltr'><strong>atl</strong></span> <span class='ocrx_word' id='word_1_294' title='bbox 847 3252 993 3331; x_wconf 89' lang='lat' dir='ltr'><strong>poeticam</strong></span> <span class='ocrx_word' id='word_1_295' title='bbox 1006 3265 1131 3327; x_wconf 91' lang='lat' dir='ltr'><strong>pronus,</strong></span> 
     </span>
     <span class='ocr_line' id='line_1_38' title="bbox 132 3328 1132 3415; baseline 0.004 -28"><span class='ocrx_word' id='word_1_296' title='bbox 132 3331 258 3389; x_wconf 90' lang='lat' dir='ltr'><strong>carmina</strong></span> <span class='ocrx_word' id='word_1_297' title='bbox 269 3328 395 3389; x_wconf 87' lang='lat' dir='ltr'><strong>libenter</strong></span> <span class='ocrx_word' id='word_1_298' title='bbox 404 3348 440 3389; x_wconf 88' lang='lat' dir='ltr'><strong>ae</strong></span> <span class='ocrx_word' id='word_1_299' title='bbox 451 3332 514 3389; x_wconf 89' lang='lat' dir='ltr'><strong>sine</strong></span> <span class='ocrx_word' id='word_1_300' title='bbox 525 3333 628 3395; x_wconf 89' lang='lat' dir='ltr'><strong>labore</strong></span> <span class='ocrx_word' id='word_1_301' title='bbox 640 3338 805 3415; x_wconf 90' lang='lat' dir='ltr'><strong>composuit</strong></span> <span class='ocrx_word' id='word_1_302' title='bbox 815 3354 886 3413; x_wconf 90' lang='lat' dir='ltr'><strong>nec,</strong></span> <span class='ocrx_word' id='word_1_303' title='bbox 902 3343 934 3394; x_wconf 92' lang='lat' dir='ltr'><strong>ut</strong></span> <span class='ocrx_word' id='word_1_304' title='bbox 948 3333 1062 3413; x_wconf 83' lang='lat' dir='ltr'><strong>quidam</strong></span> <span class='ocrx_word' id='word_1_305' title='bbox 1076 3349 1132 3411; x_wconf 89' lang='lat' dir='ltr'><strong>pu-</strong></span> 
     </span>
     <span class='ocr_line' id='line_1_39' title="bbox 130 3412 1134 3498; baseline 0.005 -28"><span class='ocrx_word' id='word_1_306' title='bbox 130 3418 200 3491; x_wconf 89' lang='lat' dir='ltr'><strong>tant,</strong></span> <span class='ocrx_word' id='word_1_307' title='bbox 212 3413 307 3475; x_wconf 88' lang='lat' dir='ltr'><strong>aliena</strong></span> <span class='ocrx_word' id='word_1_308' title='bbox 318 3430 373 3493; x_wconf 87' lang='lat' dir='ltr'><strong>pro</strong></span> <span class='ocrx_word' id='word_1_309' title='bbox 385 3413 446 3474; x_wconf 88' lang='lat' dir='ltr'><strong>suis</strong></span> <span class='ocrx_word' id='word_1_310' title='bbox 456 3412 554 3474; x_wconf 81' lang='lat' dir='ltr'><strong>edidit.</strong></span> <span class='ocrx_word' id='word_1_311' title='bbox 578 3419 697 3481; x_wconf 89' lang='lat' dir='ltr'><strong>Venere</strong></span> <span class='ocrx_word' id='word_1_312' title='bbox 708 3421 736 3480; x_wconf 92' lang='lat' dir='ltr'><strong>in</strong></span> <span class='ocrx_word' id='word_1_313' title='bbox 751 3438 850 3482; x_wconf 88' lang='lat' dir='ltr'><strong>manus</strong></span> <span class='ocrx_word' id='word_1_314' title='bbox 867 3437 948 3479; x_wconf 85' lang='lat' dir='ltr'><strong>meaa</strong></span> <span class='ocrx_word' id='word_1_315' title='bbox 966 3414 1134 3498; x_wconf 77' lang='lat' dir='ltr'><strong>pugillares</strong></span> 
     </span>
    </p>
   </div>
   <div class='ocr_carea' id='block_1_3' title="bbox 0 0 1249 3775">
    <p class='ocr_par' dir='ltr' id='par_1_16' title="bbox 0 0 1249 3775">
     <span class='ocr_line' id='line_1_40' title="bbox 0 0 1249 3775; baseline 0 0"><span class='ocrx_word' id='word_1_316' title='bbox 0 0 1249 3775; x_wconf 95' lang='lat' dir='ltr'><strong> </strong></span> 
     </span>
    </p>
   </div>
   <div class='ocr_carea' id='block_1_4' title="bbox 198 3684 227 3727">
    <p class='ocr_par' dir='ltr' id='par_1_17' title="bbox 198 3684 227 3727">
     <span class='ocr_line' id='line_1_41' title="bbox 198 3684 227 3727; baseline 0 0"><span class='ocrx_word' id='word_1_317' title='bbox 198 3684 227 3727; x_wconf 63' lang='grc' dir='ltr'><strong>Ι.</strong></span> 
     </span>
    </p>
   </div>
  </div>
 </body>
</html>
