2475 3775
129 168 131 176 ,
151 145 211 209 156
242 116 275 207 ιζ
286 138 434 207 snaroru
446 157 573 217 ramo.
586 157 635 205 nn
646 155 730 204 vrrs
741 155 1006 204 cananaeorum.
1018 154 1052 204 u.

129 373 133 379 .
149 317 238 376 driam
247 313 355 373 crediti
371 302 505 371 servandi
520 329 608 372 causa
628 320 746 388 secuto,
772 311 879 372 crimen
894 308 1052 370 maiestatis
1066 310 1148 390 apud

149 400 388 460 iudicesmotum.
416 393 518 454 Plures
540 404 642 455 notare
664 404 800 494 conatus,
818 411 924 493 magna
946 394 1147 472 inquisitorum

103 536 109 550 ,
149 481 335 560 neglegentia
349 477 403 538 sed
416 496 469 538 suo
481 479 590 539 maiore
602 479 763 555 dedecore
778 479 911 538 innoxios
926 477 989 536 lere
1002 480 1146 557 repperit,

150 566 376 662 quibuscampue
399 561 575 623 caelibatum
590 570 638 622 ant
658 562 816 622 orbitatem
835 570 882 622 aut
900 567 1062 639 egestatem
1083 561 1146 621 obi-

150 658 243 726 ceret,
257 648 391 723 maritos,
407 655 519 724 patres,
536 645 691 724 opulentos
706 665 739 705 se
751 645 954 724 probantibus;
968 662 1004 704 eo
1020 645 1172 724 quideme

148 754 196 815 qur
188 733 332 797 sibimet
340 732 398 790 vim
417 730 496 789 lerro
517 729 648 791 intulisse
666 729 858 806 arguebatur,
881 729 1021 789 inlaesum
1037 746 1146 828 corpus

148 827 231 878 veste
254 815 388 894 deposita
411 822 583 874 ostentante.
627 813 753 874 Fuerunt
775 821 803 872 et
823 812 906 874 illa
897 832 927 872 ιι
944 831 1065 873 ιιιιιιι
1082 814 1146 871 eins

64 968 69 975 ,
148 900 300 975 notabilia,
321 896 399 977 quod
418 897 551 956 essedum
573 906 759 973 argenteum,
788 905 955 976 sumptuose
976 895 1148 957 fabricatum

150 1005 186 1046 ac
199 981 303 1043 venale
318 980 355 1041 ad
371 980 532 1057 Sigillaria,
553 980 654 1039 redimi
671 979 841 1058 concidique
859 998 957 1041 corara
979 981 1145 1058 insperavit;

150 1067 286 1148 quodque
299 1082 356 1124 uno
371 1060 426 1122 dio
429 1062 487 1123 XX
499 1063 595 1124 edicta
608 1065 779 1163 proposuit,
800 1066 875 1124 inter
889 1083 969 1144 quae
977 1064 1049 1140 duo,
1075 1081 1146 1148 quo·
1136 1077 1179 1118 -ιι
1219 1135 1220 1144 ¹

104 1148 109 1156 “
149 1170 212 1211 rum
223 1150 315 1210 altero
325 1147 511 1224 admouebat,
525 1157 556 1207 ut
569 1146 652 1208 uberi
666 1150 813 1210 uinearum
827 1158 970 1228 proventu
980 1147 1057 1206 bene
1071 1139 1148 1208 dolia

149 1236 331 1315 picerenton
351 1230 461 1308 altero,
478 1220 557 1290 nihil
577 1249 674 1310 aeque
691 1231 791 1292 iacere
819 1232 854 1292 ad
879 1234 998 1311 viperae
1021 1247 1148 1312 morsum

101 1350 103 1357 s
151 1336 236 1397 ιιιιι
251 1316 312 1376 taxi
327 1315 441 1375 arboris
456 1334 565 1376 sucum
696 1329 698 1332 ·

69 1413 141 1468 17
212 1399 434 1479 Expeditionem
453 1417 536 1459 unam
558 1399 673 1458 omnino
692 1380 844 1478 suscepit
861 1414 982 1476 eamque
996 1397 1148 1458 modicam

152 1486 245 1562 Cum,
253 1484 381 1544 decretis
394 1482 452 1543 sibi
466 1501 483 1543 a
497 1491 597 1543 senatu
614 1484 789 1546 ornamentis
804 1481 1039 1561 trimnplralibns,
1056 1481 1147 1541 levio·
1157 1491 1179 1532 ιι

150 1568 381 1630 remmaiestati
401 1566 554 1646 principali
573 1565 686 1625 titulum
706 1563 892 1626 arbitraretur
915 1566 1062 1644 velletque
1083 1565 1149 1624 iusti

150 1650 286 1731 triumphi
297 1650 402 1726 decus,
416 1649 664 1728 undeadqdirerct
675 1649 847 1712 Britanniam
861 1651 1038 1728 potissimum
1047 1648 1148 1726 clegit,
1219 1707 1220 1712 ,

150 1754 246 1816 neque
264 1741 431 1812 temptatam
445 1733 496 1795 ulli
514 1742 581 1812 post
590 1733 694 1792 Divum
706 1731 805 1793 lulium
816 1742 846 1794 et
860 1743 927 1793 ιιιιι
935 1733 1150 1796 tumultuantem

152 1821 190 1883 ob
200 1817 395 1880 nonredditos
408 1818 582 1895 transfugas.
600 1817 665 1877 linc
675 1835 738 1876 uum
748 1817 784 1878 ab
795 1816 874 1877 Ostia
884 1819 1049 1895 navigaret,
1061 1816 1148 1876 velue·

139 1906 239 1967 ,menti
252 1904 341 1964 circio
353 1903 398 1963 bis
413 1921 506 1984 paene
517 1902 668 1963 demersus
680 1912 735 1979 est,
752 1920 845 1981 prope
857 1902 1000 1979 Liguriam
1012 1903 1149 1978 luxuque
1157 1912 1180 1955 ιι

153 1987 332 2060 Stoechadas
348 1987 466 2073 insulas.
494 1985 592 2061 Quare
608 2006 625 2047 a
640 1987 767 2049 Massilia
788 1986 975 2047 Gesoriacum
990 2002 1082 2062 nsque
1099 2001 1149 2061 pe·

153 2072 244 2131 destri
258 2072 362 2130 itinere
376 2071 528 2147 coniecto,
549 2070 616 2129 inde
633 2071 802 2146 transmisit,
820 2088 855 2129 ac
871 2072 932 2129 sine
952 2069 1012 2129 ullo
1033 2067 1149 2145 proelio

86 2195 89 2204 ,
153 2164 200 2215 aot
211 2154 350 2229 sauguine
361 2150 436 2214 intra
447 2155 637 2231 paucissimos
649 2150 714 2213 dies
724 2163 805 2232 parte
815 2153 945 2215 insulae
936 2173 969 2212 ιι
976 2150 1151 2211 deditionem

152 2244 330 2313 recepta‚s
315 2239 401 2295 sexto
426 2254 509 2315 quam
532 2237 682 2315 proiectus
706 2247 768 2297 erat
791 2254 890 2297 mense
908 2237 1030 2297 Romam
1057 2235 1150 2310 rediit,
1219 2246 1220 2301 l

152 2318 393 2397 triumphauitque
403 2320 527 2379 marimo
543 2328 691 2399 apparatu.
712 2320 759 2381 Ad
771 2322 850 2381 ιιιίιι
862 2320 1060 2420 spectaculum
1074 2336 1150 2379 oom-
1139 2302 1220 2369 ²⁵i

152 2421 251 2464 meare
265 2404 294 2461 in
307 2401 408 2462 urbem
418 2420 476 2463 non
487 2401 581 2463 solmn
593 2402 775 2483 praesidibus
788 2406 1000 2484 provinciarum
1011 2404 1150 2483 permisit,
1219 2406 1220 2415 ’

153 2486 352 2549 verumetiam
366 2486 498 2550 exulibus
512 2486 697 2566 quibusdam3
722 2498 807 2567 atque
828 2490 903 2549 inter
924 2488 1040 2549 hostilia
1056 2487 1151 2567 spolia

152 2561 289 2635 navalem
296 2587 432 2631 coronam
445 2571 562 2649 fastigio
573 2570 722 2633 Palatinae
734 2572 834 2635 domus
850 2574 928 2637 iuxta
943 2572 1066 2633 civicam
1080 2572 1150 2647 lixit,
1219 2584 1220 2587 ’

151 2656 267 2715 ιιιίιιιί
281 2663 311 2715 ιι
327 2658 411 2735 quasi
424 2655 520 2716 domiti
536 2655 675 2716 Oceani
666 2659 790 2734 insigne.
818 2655 939 2717 Currum
959 2658 1022 2716 eius
1042 2656 1150 2715 blessa-

152 2738 210 2798 lina
221 2756 295 2797 uxor
306 2749 446 2818 carpento
462 2749 561 2799 secuta
574 2749 632 2809 est;
649 2742 742 2809 secuti
753 2750 782 2801 ct
792 2740 974 2819 triumphalia
985 2746 1180 2800 ornamentaao

153 2821 257 2879 eodem
270 2820 351 2882 bello
366 2822 478 2903 adepti,
493 2823 547 2883 sed
563 2824 654 2883 ceteri
665 2823 792 2903 pedibus
804 2826 854 2885 ιι
845 2844 874 2884 ιι
889 2830 1050 2903 praetexta,
1067 2814 1150 2881 Gras-

153 2920 203 2962 sns
217 2902 307 2979 Frugi
325 2922 401 2983 equo
417 2907 568 2986 phalerato
585 2909 638 2967 et
629 2926 658 2965 rn
673 2917 757 2968 veste
769 2908 912 2988 palmata,
929 2904 1006 2985 qaod
1021 2922 1086 2965 cum
1101 2903 1151 2962 lro·

153 3004 255 3046 uorem
269 2989 433 3049 iteraverat.
716 3026 718 3031 ι

111 3081 146 3135 18
215 3067 301 3130 Urbis
317 3088 504 3150 annonaeque
520 3086 617 3136 curam
636 3072 843 3135 sollicitissime
864 3090 980 3151 semper
992 3072 1064 3149 egit.
1082 3069 1151 3131 Cum

154 3152 313 3222 Aemibana
327 3155 504 3231 pertinacius
514 3156 665 3233 arderent,
680 3157 709 3215 in
721 3156 881 3218 diribitorio
893 3156 1003 3217 duabus
1016 3154 1181 3215 noctibusu
1219 3194 1220 3213 ι

153 3239 271 3314 mansit,
292 3254 333 3296 ae
348 3235 502 3297 deficiente
524 3240 644 3301 militum
664 3258 699 3299 ac
721 3240 892 3302 familiarum
912 3239 1013 3317 turba,
1043 3237 1150 3301 anulio
1193 3270 1196 3279 ·

154 3322 270 3400 plebem
285 3337 339 3399 per
349 3321 532 3395 magistratus
547 3341 591 3382 en⁴
600 3322 732 3382 omnibus
743 3326 817 3389 vicis
833 3325 1009 3385 convocavit
1023 3342 1059 3383 ac
1074 3322 1150 3401 posi-

155 3407 191 3464 tis
206 3415 271 3465 ante
286 3422 319 3463 se
334 3420 397 3463 cum
413 3406 535 3481 pecnnia
549 3406 650 3482 lisois,
660 3406 696 3467 ad
709 3406 935 3469 subveniendum
948 3408 1084 3467 hortatus
1097 3411 1152 3477 est,

46 3629 213 3721 A
