2475 3775
219 180 243 227 X
560 176 755 225 Pusuunuuo

220 346 298 406 esse,
314 352 376 393 crum
390 336 541 397 cetemrum
554 337 682 399 omnuim,
698 336 778 394 etum
790 334 963 407 tondum,
972 338 1053 393 aldus
1064 339 1121 393 on·-

219 422 310 500 qt'uem
325 422 464 492 repetierit
468 442 477 482 ,-
496 422 587 490 itaque
603 416 704 473 ‘lulius
722 418 842 475 Ouesor'
860 421 891 474 iu
910 422 1050 491 pducipio
1069 422 1122 476 od-

222 506 281 561 dilu
306 520 364 561 eure
388 504 477 560 verbu
512 501 641 569 *Eundem
663 502 918 559 senteutinn'eunr
943 504 1121 577 doctissimus

223 587 467 661 quisque-tulisset
481 590 511 641 ut
528 584 671 641 Turnebus
686 585 799 642 Ursinus
814 585 1017 659 Glsndorpius,
1031 594 1062 643 et
1075 588 1122 644 rel

223 671 327 729 mederi
343 671 369 725 ei
384 670 507 726 iucturue
523 668 677 725 studuisset
690 686 713 724 ιι.
731 674 797 727 1521
811 670 851 725 lo.
863 671 930 725 lud.
946 671 1031 727 Vires
1046 686 1122 727 conr-

223 754 323 827 positis
338 753 522 824 supplementi
539 751 628 807 instar
643 752 751 823 aliquot
764 752 920 826 capitibus,
935 771 1007 825 quae
1023 761 1122 829 postea

222 836 357 895 Leeviuus
373 836 533 891 Torrentius
548 836 681 907 ampliora
697 836 781 904 lecit,
796 836 873 892 solus
891 837 1002 894 lsuacus
1017 838 1122 893 Gasan-

223 923 327 990 bonus,
356 926 476 977 ceterum
498 918 650 988 Tranquilli
671 918 851 990 interpretum
873 920 958 976 lucile
979 921 1122 994 princeps,

222 1003 316 1060 extitit
330 1004 376 1074 qui
388 1001 516 1058 (laesuris
532 1002 615 1057 vitum
629 1002 755 1058 illaesam
772 1003 808 1058 ad
820 1018 873 1059 uos
888 1004 1052 1076 pervenisse
1066 1004 1122 1059 sibi

223 1085 420 1159 persuaderet,
440 1085 508 1141 mire
524 1092 692 1143 commentus
706 1086 833 1157 potuisse
846 1088 1010 1158 scriptorem
1023 1087 1051 1141 in
1066 1087 1122 1142 elio

223 1170 294 1227 libro
323 1170 358 1226 d'e
387 1169 456 1226 lriliu
487 1174 570 1239 gente
599 1166 785 1239 Caesarisque
815 1170 1003 1225 adulescentia
1034 1186 1122 1241 expo-

221 1253 320 1309 suisse.
337 1252 510 1308 'decentium
523 1251 592 1307 satis
605 1251 663 1306 erit
676 1252 746 1307 duos
762 1254 920 1324 appellasse
936 1254 979 1308 Fr.
991 1252 1029 1328 Α.
1039 1251 1122 1308 Wol-

161 1374 163 1378 -
221 1336 282 1393 tium
306 1336 352 1407 qui
381 1336 463 1391 initio
484 1334 613 1391 Caesaris
643 1334 751 1405 aliquot
779 1329 906 1392 stellulns
927 1336 1052 1391 delectus
1081 1336 1122 1390 si-

221 1418 371 1491 gnificandi
393 1433 477 1475 causa
499 1418 646 1490 apposuit,
666 1417 885 1474 etNiebubriurn
902 1419 949 1490 qni
965 1419 1047 1490 plane
1070 1435 1121 1489 ge-

221 1503 291 1558 ntius
313 1504 410 1558 lucunu
434 1501 572 1557 Plutarchi
597 1500 744 1557 Caesareus
770 1495 898 1557 laborare
915 1501 1119 1557 animadvertit.

220 1586 275 1641 lunt
296 1591 442 1656 postquem
458 1584 525 1654 lydi
542 1583 623 1640 locus
638 1574 771 1654 transmit,
795 1584 922 1639 dubitare
937 1600 1018 1640 nemo
1036 1600 1120 1639 sunus

219 1674 321 1741 potest
356 1668 413 1721 Sed
433 1672 462 1722 ut
477 1682 584 1723 oruuaur
602 1680 660 1721 rens
673 1667 860 1739 conplector,
878 1668 949 1723 baec
965 1667 1026 1721 lare
1044 1666 1120 1721 desl-

219 1751 364 1806 derantur:
436 1790 440 1801 .

233 1897 235 1902 ,
282 1828 312 1905 1)
282 1807 453 1892 leuterior
465 1832 530 1891 libri
545 1833 650 1891 titulus.
678 1832 871 1902 Vetustissimi
877 1833 950 1890 eninr
960 1833 1025 1891 libri
1036 1791 1120 1891 ileu-

220 1918 326 1974 miuuus
348 1923 375 1972 et
390 1918 539 1974 Vaticanus
559 1918 660 1990 lipsii,
682 1923 828 1989 praeterae
844 1918 985 1974 Parisinus
1004 1923 1073 1977 5804
1091 1922 1121 1972 et

120 2047 122 2052 .
218 2002 347 2071 llaganus
366 1993 410 2075 (.)
424 2001 535 2070 Wollii,
552 2001 672 2070 denique
687 2000 892 2057 commemorati
906 2017 921 2056 ι
936 2001 1119 2056 Voluterrano

219 2091 247 2140 et
261 2083 331 2138 Vive
346 2082 384 2138 itu
400 2083 547 2156 incipiunt:
568 2099 673 2138 aunum
693 2099 777 2154 operas
792 2092 901 2140 aeorum
917 2084 1049 2139 ἅεειῖιιιιιιιι
1065 2099 1119 2153 pu-

218 2173 286 2222 trem
306 2168 395 2220 ambil
419 2165 643 2236 sequentibusque
662 2167 831 2234 oculove,
853 2183 985 2238 nusqusrn
1010 2167 1139 2228 adiecto¹

218 2248 359 2308 Divilulii
377 2249 498 2305 nomine.
542 2250 755 2320 temptauerunt
771 2251 882 2321 quidenn
901 2251 1072 2322 reliquorum
1083 2248 1119 2304 li-

217 2334 330 2388 brorutu
350 2331 462 2388 acribus
478 2333 570 2388 multis
586 2333 675 2406 rnodis
690 2323 942 2406 bintum‘explere,
961 2334 1024 2388 duni
1037 2347 1119 2386 ιιιιιιιιι

217 2429 317 2472 nomeu
332 2414 437 2472 Cacsar
451 2415 496 2470 vel
512 2416 567 2471 duo
583 2414 782 2472 IuliuuCoeaur
797 2418 896 2488 priano,
911 2416 1046 2483 seeundo,
1060 2421 1119 2469 ter-

215 2497 257 2553 tio
272 2498 337 2553 loco
360 2497 507 2566 adiiciunt,
528 2498 692 2569 quinetiam
713 2500 785 2557 trina
799 2501 909 2556 nonnius
926 2499 1014 2556 uuus
1031 2496 1120 2552 Iulius

215 2580 322 2638 Caesar
342 2580 387 2635 vel
407 2579 495 2636 Iulius
515 2581 618 2638 Ouesur
637 2582 723 2637 Diuus
736 2584 781 2638 uel
804 2583 886 2649 Ocius
906 2581 995 2638 dulim
1014 2581 1120 2637 Ooesur

215 2663 305 2734 primo
327 2663 390 2719 loco
415 2669 597 2735 praetexunt,
619 2681 714 2720 verum
733 2682 769 2722 eo
784 2667 873 2736 nugis
888 2680 965 2721 suasu
980 2662 1120 2718 inscitiam

213 2746 336 2817 produnt
350 2747 493 2802 consulum
509 2747 664 2804 nominibus
679 2764 734 2804 uon
747 2749 893 2821 suppletis.
922 2745 1016 2816 Neque
1027 2745 1118 2801 minus

209 2821 250 2883 ¹de
259 2844 329 2884 vano
345 2830 461 2886 buustac
476 2831 678 2902 suntvulgarcs
692 2832 788 2903 operis
802 2829 1000 2902 inscriptiones
1014 2827 1122 2883 deXII

213 2910 397 2982 causantes,
419 2912 453 2968 de
473 2915 527 2970 citu
548 2913 614 2970 XII
634 2914 799 2980 Caesarum,
819 2914 854 2968 dc
874 2915 929 2970 citu
948 2918 973 2966 et
998 2911 1118 2966 monbue

130 3053 135 3064 ¹
214 2993 356 3049 duodecim
372 2995 522 3052 Gaesarem
542 2997 670 3067 aliaeque
684 2996 807 3065 sinriles,
828 3012 889 3052 cun
909 2996 937 3050 in
955 2994 1118 3051 llensniano

215 3075 288 3132 libro
305 3078 417 3134 omnino
433 3080 508 3136 nulla
523 3086 658 3153 appareat
671 3075 749 3150 (nunu
767 3079 913 3134 barbsrans
926 3091 1034 3132 ιιιιιιιιιιι
1054 3095 1121 3146 ιιιιι-Ι

213 3159 269 3215 culi
284 3160 347 3216 xlv
366 3175 421 3217 nou
442 3159 526 3237 oure)
549 3175 688 3232 verusque
709 3161 774 3217 libri
794 3161 891 3216 titulus
914 3158 1065 3229 antiquitus
1083 3161 1117 3216 ab

122 3249 130 3265 ·
196 3244 355 3302 nonnullis
371 3245 511 3316 librariis,
537 3261 608 3302 nnnc
631 3263 646 3300 a
667 3245 748 3300 nobis
766 3244 895 3299 debuerit
909 3257 945 3297 ex
966 3240 1118 3312 insequens

214 3325 292 3382 tium
296 3328 413 3386 vitarum
431 3331 565 3387 clausulis
581 3334 610 3384 et
632 3327 863 3399 inscriptionibus
883 3333 1019 3396 tanquam
1037 3331 1118 3396 pcat-

213 3406 336 3468 linsiuii
329 3429 389 3468 rure
406 3413 570 3486 reciperari.
