2475 3775
486 182 517 231 c.
540 181 726 231 curenno.
1045 169 1104 236 139

110 337 185 397 niam
201 323 412 416 processisset,
441 335 602 399 admonitus
628 337 665 398 de
691 336 852 416 supplendo
877 356 996 400 numero
1022 339 1104 402 llata-

110 438 227 495 rorum,
249 438 324 498 quos
356 422 433 480 circa
465 438 497 480 se
529 420 669 498 habebat,
701 421 894 499 expeditionis
917 422 1104 484 Germanicae

109 505 245 584 impetum
259 507 351 603 cepit;
372 507 467 582 neque
482 503 605 581 distulit,
628 504 680 565 sed
695 505 858 582 legionibus
880 515 912 565 et
924 507 1037 566 auxiliis
1054 527 1103 567 un·
1182 503 1184 510 '

109 587 195 666 dique
211 590 332 664 excitis,
358 586 510 648 dilectibus
524 549 630 667 ubique
644 588 833 649 acerbissime
846 591 935 665 actis,
955 599 1104 650 conuecto

83 681 140 734 eet
155 673 247 737 omnis
263 675 381 749 generis
401 681 562 732 commeatu
577 681 683 767 quanto
699 687 849 750 numquam
865 679 967 749 autea,
996 675 1072 733 iter
1064 692 1104 734 ru·

108 772 229 833 gressus
244 763 290 814 est
305 756 489 835 confecitque
509 756 596 822 modo
616 739 681 816 t'am
695 756 864 816 festinanter
884 765 913 816 et
935 757 1052 858 rapide,
1074 766 1106 816 ut

107 838 310 918 praetorianae
337 839 473 899 cobortes
499 849 599 900 eontra
627 857 734 900 morem
758 843 841 918 signa
860 836 993 900 iumentis
1014 843 1105 920 impu

100 940 179 986 nere
194 931 223 982 et
242 924 283 983 ita
304 922 442 1001 subsequi
458 924 650 1001 cogerentur,
675 923 816 1005 interdum
837 923 911 984 adeo
928 926 1059 1002 seguiter
1075 933 1107 984 et

107 1006 249 1083 delicate,
285 1015 316 1065 ut
346 1007 507 1086 octaphoro
534 1007 707 1083 veheretur,
727 997 813 1087 atque
839 1026 855 1068 a
881 1009 1107 1088 propinquarum

12 1139 24 1168 ,
69 1089 220 1152 rourbium
235 1089 322 1169 plebe
334 1093 412 1150 verri
428 1091 483 1150 sibi
501 1092 564 1151 vies
584 1100 627 1152 et
635 1094 793 1170 conspergi
816 1101 940 1217 propter
955 1091 1105 1170 pulverem

108 1176 288 1250 exigeret.

171 1255 326 1336 Postquam
333 1266 438 1318 castra
459 1259 568 1335 attigit,
590 1267 621 1317 ιιι
637 1277 669 1318 se
685 1276 782 1319 acrem
800 1277 836 1319 ac
850 1277 983 1319 severum
1004 1259 1148 1330 ducemus

48 1391 53 1396 .
109 1340 294 1420 ostenderet,
316 1341 447 1418 legatos,
466 1343 514 1441 qui
531 1342 636 1402 auxilia
657 1343 749 1403 serius
764 1360 802 1402 ex
821 1342 944 1402 diuersis
965 1342 1039 1402 locis
1057 1342 1104 1403 ad·

109 1425 268 1502 duxerant,
290 1443 354 1486 cum
368 1427 524 1501 ignominia
539 1426 657 1496 dimisit,
680 1428 733 1486 at'
724 1445 753 1485 m
767 1425 898 1486 exercitu
912 1426 1104 1524 recensendo,

69 1509 258 1589 replerisque
278 1510 473 1569 centurionum
485 1511 623 1570 maturis
614 1528 679 1600 ram,
698 1519 727 1570 et
747 1509 892 1571 nonnullis
907 1516 972 1570 aute
993 1510 1104 1587 paucis·

109 1595 201 1652 simos
219 1611 302 1671 quam
318 1595 537 1653 consummaturi
558 1603 658 1654 essent
670 1557 748 1670 flios,
768 1595 877 1672 primos
892 1592 969 1672 pilos
991 1591 1104 1669 ademit,

109 1685 243 1737 causatus
264 1677 374 1737 scnium
397 1679 535 1756 cuiusque
559 1687 589 1737 et
613 1677 853 1747 imbecillitatem
877 1685 1039 1737 ceterorum
1063 1679 1104 1735 iu
1178 1691 1181 1704 ·

109 1760 222 1839 crepita
244 1759 412 1839 cupiditate,
436 1761 585 1820 commoda
606 1763 744 1821 emeritae
764 1760 879 1821 militiae
895 1761 930 1820 ed
956 1769 1104 1820 sescento·

107 1845 198 1905 rum*
219 1844 325 1906 milium
347 1862 482 1911 summam
502 1844 615 1905 recidit.
659 1844 735 1905 Nihil
761 1853 853 1905 auteur
879 1843 1000 1923 amplius
1022 1860 1105 1923 quam

67 1953 98 1994 no
108 1928 242 1989 Adminio
267 1927 450 2003 Cynobellini
471 1926 669 1990 Britannorum
693 1930 774 2005 regis
797 1928 872 2004 lilio,
897 1930 945 2007 qui
963 1926 1106 2006 puteosa

107 2021 192 2092 patre
208 2031 271 2073 cum
287 2013 393 2089 exigua
407 2030 491 2072 manu
505 2013 715 2090 transfugerat,
737 2014 766 2071 in
781 2010 956 2072 deditionem
970 2017 1103 2089 recepto,

107 2096 193 2176 quasi.
213 2098 347 2157 universa
376 2096 479 2157 tradita
505 2095 614 2173 insula,
648 2097 816 2173 magnificas
836 2097 964 2157 'Romam
994 2095 1105 2159 litteras

106 2180 199 2256 misit,
229 2181 343 2241 monitis
365 2179 611 2260 speculatoribus,
633 2188 663 2241 ut
682 2180 818 2240 vehiculo
841 2180 877 2240 ud
893 2180 991 2240 forum
1012 2196 1104 2257 usque

107 2272 137 2323 et
153 2264 259 2325 curiam
274 2264 494 2344 pertenderent,
516 2282 572 2325 uec
586 2266 641 2325 nisi
655 2267 685 2325 iu
700 2264 774 2339 aede
788 2263 887 2331 Martis
902 2282 938 2326 ac
952 2264 1105 2343 frequente

67 2370 97 2411 ιι
107 2356 210 2407 senatu
227 2348 392 2409 consulibus
407 2348 561 2409 traderent.
714 2392 717 2397 -

169 2430 254 2509 llox,
276 2432 428 2494 deficiente
450 2432 521 2492 belli
540 2434 675 2509 materia,
698 2450 809 2511 paucos
828 2431 864 2491 de
885 2430 1015 2491 custodia
1035 2429 1104 2490 Ger·
1112 2438 1146 2492 45

106 2532 209 2575 manos
236 2517 318 2576 traici
340 2514 493 2595 occulique
520 2525 600 2577 trans
620 2516 750 2578 Rhenum
775 2516 871 2591 iussit,
892 2532 927 2574 ac
957 2512 1012 2571 sibi
1038 2516 1117 2590 post·

106 2598 256 2678 prandium
272 2616 356 2678 quam
370 2600 623 2659 tumultuosissime
641 2600 753 2660 adesse
764 2598 877 2659 hostem
888 2596 1020 2655 nuntiari.
1041 2594 1106 2669 Quo

107 2683 203 2759 facto,
231 2684 371 2781 proripuit
394 2700 426 2741 se
450 2701 512 2742 cum
535 2682 635 2743 amicis
651 2692 680 2741 ct
701 2690 783 2760 perte
802 2682 927 2758 equitnm
949 2680 1106 2756 praetoria·

67 2783 209 2830 sonorum
235 2768 264 2826 ιιι
286 2766 445 2844 proximam
471 2764 590 2841 silvam,
622 2766 819 2843 truncatisque
843 2762 994 2823 arboribus
1024 2764 1106 2823 etin

106 2850 221 2911 medum
243 2858 429 2948 tropaeorum
446 2848 608 2926 adornatis,
633 2847 669 2909 ad
691 2848 795 2909 lumina
818 2863 970 2924 reuersus,
1006 2863 1105 2908 eorum

106 2934 222 3013 quidem
239 2935 287 3011 qui
303 2923 406 2994 secali
403 2950 469 2996 non
489 2943 588 2994 esseut
609 2932 786 2994 timiditatem
806 2940 836 2993 et
855 2932 998 3009 ignauiam
1016 2932 1104 2993 corri-
1194 3009 1198 3017 Ι

105 3017 183 3097 puit,
204 3020 329 3079 comites
346 3026 438 3079 autem
459 3026 490 3079 ct
505 3019 665 3097 participes
685 3017 825 3078 victoriae
847 3032 924 3077 novo
944 3032 1055 3093 genere
1070 3032 1105 3075 ac
1224 3042 1225 3057 ι

103 3102 221 3162 nomine
247 3118 418 3162 coronarum
435 3102 567 3179 donarit,
594 3120 667 3181 quas
692 3101 841 3163 distinctas
863 3099 934 3161 solis
964 3116 998 3161 ac
1020 3099 1105 3159 lunae

66 3205 95 3246 ee
106 3185 291 3265 siderumque
305 3183 405 3263 specie
421 3184 634 3264 exploratorias
648 3183 817 3264 appellavit.
860 3184 970 3245 Rursus
988 3182 1105 3245 obsides

106 3268 247 3347 quosdam
263 3268 405 3330 abductos
420 3287 437 3328 e
451 3268 591 3330 litterario
605 3270 674 3330 ludo
691 3269 822 3348 clamque
842 3270 1035 3348 praemissos,
1057 3264 1106 3324 de-

104 3362 186 3414 serto
207 3362 329 3433 repente
350 3353 502 3428 convivio,
525 3372 589 3415 cam
608 3356 737 3432 equitatu
758 3356 905 3413 insecutus
926 3350 1016 3410 veluti
1038 3364 1105 3426 pro·
1219 3422 1221 3439 ἵ

105 3437 196 3513 fugos
215 3454 251 3497 ac
269 3437 503 3517 reprehensos
494 3454 523 3497 ιιι
553 3440 664 3501 catenis
691 3436 856 3509 reduxit;
848 3454 878 3495 ιιι
907 3434 964 3495 lucc
990 3447 1106 3511 qnoque
