2475 3775
153 144 210 208 128
251 157 282 242 οτ
293 155 440 211 eunucus
451 157 578 217 namo.
591 157 639 206 aa
651 158 733 206 vma
746 155 1014 228 cansannuuns.
1026 157 1089 206 1111.

108 319 140 372 21
164 316 167 321 ’
212 313 309 392 Opera
329 311 383 372 snb
397 310 515 371 'liberio
530 309 749 388 semiperfecta,
769 311 904 390 templum
917 311 1039 388 Augusti
1055 311 1131 372 tbea·

150 405 280 474 mumque
295 383 428 474 Pompei,
450 395 583 455 absoluit.
607 391 773 462 lncboavit
791 405 884 456 autem
909 412 1000 472 aquas
1020 393 1133 457 ductum

37 534 41 552 ,
149 481 270 556 regione
294 479 403 538 Tiburti
431 487 462 538 et
489 476 723 556 amphitheatrum
751 480 829 539 iuxta
855 469 981 556 Saepta,
1015 493 1132 556 quorum

149 579 268 641 operum
281 581 298 622 a
313 579 484 634 successore
506 563 569 622 eius
585 560 703 634 Claudio
726 560 844 623 alterum
862 570 1023 641 peractum,
1049 563 1131 622 omis·

149 664 210 706 sum
224 646 343 706 alterum
359 654 414 719 est
452 645 602 720 Syracusis
624 645 762 724 conlapsa
776 654 918 706 vetustate
937 647 1048 706 moenia
1062 645 1152 705 deo-s

147 733 265 808 mmanc
294 719 382 788 aedes
406 728 544 788 relectae.
590 727 790 789 Destinavsrat
818 739 847 788 ct
872 729 948 788 Sami
972 728 1131 803 Polycratis

147 816 258 890 regiam
283 814 453 888 restituere,
469 811 560 872 llileti
576 809 743 886 Didymeum
764 821 923 891 peragere,
947 813 976 870 iu
996 813 1062 888 iugo
1082 811 1130 870 Al·

148 898 224 975 pium
242 895 341 959 urbem
362 895 504 971 condere,
532 894 669 956 sedante
698 899 790 958 omnia
818 894 952 956 Isthmum
975 895 1004 954 in
1023 893 1131 957 llclnaia

148 978 320 1058 perfodere,
343 981 515 1056 miseratque
534 979 590 1038 iam
613 979 649 1040 ad
668 978 865 1040 dimetiendum
885 995 958 1056 opus
979 977 1131 1056 primipila-

106 1071 218 1122 atrem.
249 1061 393 1122 Hactenus
413 1063 496 1142 quasi
514 1061 559 1121 de
585 1063 729 1142 principe;
758 1063 868 1140 reliqua
896 1071 926 1122 ut
950 1062 1165 1124 demonstrem
1208 1127 1210 1132 ,

147 1145 286 1205 narranda
301 1153 375 1204 sunt.

212 1227 413 1308 compluribus
435 1228 650 1306 cognominibus
670 1229 825 1308 adsumptis
852 1231 931 1309 (nam
948 1237 976 1289 et
998 1230 1081 1308 pius
1102 1221 1144 1287 et

147 1321 351 1373 castrorum
369 1313 489 1372 lilius·
503 1322 533 1372 et
553 1321 659 1391 pater
681 1315 921 1373 exercituum
933 1312 1132 1390 etoptimus

145 1400 322 1471 maximus
338 1394 476 1456 Cacsar
498 1395 671 1473 vocabatur)
700 1415 762 1456 cum
791 1397 901 1457 audiret
923 1395 1001 1456 lorte
1031 1410 1129 1470 reges,

146 1482 193 1558 qni
208 1479 296 1540 cilicii
312 1497 397 1540 caasa
416 1480 448 1538 in
465 1478 564 1539 urbem
583 1479 771 1556 advenerant,
793 1481 987 1540 concertantis
1003 1470 1077 1580 apud
1097 1494 1163 1536 sens

145 1581 232 1640 super
247 1568 364 1622 caenam
384 1562 421 1622 de
437 1561 583 1622 nobilitate
603 1564 738 1638 generis,
762 1563 948 1624 exclamavit:
977 1561 1036 1630 Εις
1056 1557 1130 1620 κοί-

144 1664 246 1726 ρανος
263 1645 363 1723 ἔστω,
387 1633 434 1717 εἷς
448 1637 622 1724 βασιλεύς]
648 1663 703 1704 nec
722 1645 836 1708 multum
857 1645 926 1706 aluit
946 1646 1022 1723 quin
1037 1643 1130 1702 statim

99 1774 105 1789 .
144 1722 271 1790 diadema
292 1737 417 1790 sumeret
439 1731 624 1808 speciemque
649 1730 824 1808 principatus
849 1729 878 1788 in
906 1729 990 1804 regni
1009 1726 1129 1786 formam

24 1876 30 1893 ,
145 1815 339 1873 converteret
372 1815 479 1874 Vemm
501 1812 682 1889 admonitus,
696 1821 726 1873 et
747 1813 906 1891 principum
925 1819 954 1872 et
975 1827 1074 1886 regum
1095 1826 1128 1867 se

144 1900 309 1958 excessisse
330 1898 491 1974 fastigium,
522 1897 645 1957 diuinam
672 1916 709 1959 ex
732 1914 769 1957 eo
793 1898 968 1965 maiestatem
995 1910 1164 1955 assererem

144 1979 197 2039 sihi
224 1983 337 2061 coepit;
369 1981 492 2060 datoque
521 1983 639 2058 negotio
667 1990 697 2041 nt
723 1981 873 2041 simulacra
899 1979 1038 2039 numinum
1062 1974 1128 2035 reli·

143 2065 230 2138 gione
252 2072 281 2122 et
302 2072 364 2123 arte
384 2064 551 2143 praeclara,
580 2066 654 2125 inter
675 2080 747 2143 quae
767 2062 881 2142 Olympi
898 2061 992 2137 lovis,
1023 2074 1128 2137 appor-

117 2151 119 2154 ’
142 2152 268 2203 tarentnr
284 2163 301 2204 e
318 2146 454 2222 Graecia,
482 2146 584 2224 quibus
603 2149 698 2225 capite
718 2146 833 2226 dempto
858 2164 937 2206 suum
956 2147 1129 2222 imponeret,

143 2235 253 2304 partem
266 2228 367 2287 Palatii
382 2227 418 2287 ad
436 2229 530 2288 lorum
546 2247 637 2307 usquc
659 2232 817 2308 promovit,
838 2239 923 2308 atquc
939 2227 1011 2288 aede
1027 2224 1129 2286 Casto-

141 2311 182 2368 ris
197 2317 226 2367 et
242 2309 368 2369 Pollucis
381 2312 410 2370 in
426 2310 596 2371 vestibulum
610 2314 825 2391 transfigurata,
854 2314 1014 2373 consistens
1036 2325 1163 2386 saepe‘t5

141 2393 215 2452 inter
233 2393 338 2453 fratres
357 2393 445 2470 deos,
472 2394 595 2454 medium
615 2395 788 2457 adorandum
808 2415 841 2457 sc
862 2394 1028 2457 adeuntibus
1047 2390 1128 2451 enbi-
1163 2435 1185 2475 ς

142 2475 243 2546 bebat;
280 2486 309 2537 et
330 2476 442 2554 qnidam
463 2496 527 2538 eum
550 2476 731 2540 Latiarem
756 2478 770 2539 l
778 2498 878 2540 ovem
906 2476 1128 2539 consalutarunt

142 2560 290 2639 'lemplum
310 2562 394 2621 etiam
412 2562 519 2622 numini
540 2578 597 2620 sno*
620 2565 766 2643 proprium
786 2572 816 2623 et
839 2562 1008 2623 sacerdotes
1029 2568 1058 2619 et
1077 2574 1128 2617 cx-

142 2646 362 2719 cogitatissimas
385 2643 495 2705 lucebas
510 2645 638 2707 instituit.
680 2646 713 2707 ln
733 2646 840 2725 templo
865 2645 1043 2705 simulacrum
1070 2648 1128 2701 sta·

141 2724 190 2783 bat
209 2744 324 2789 ameum
345 2730 502 2806 iconicum,
532 2728 773 2808 amiciebaturque
795 2729 900 2789 cotidie
921 2735 1019 2801 veste,
1049 2722 1165 2803 qualiso

29 2846 32 2852 ·
139 2810 204 2883 ipse
225 2819 362 2870 uteretur.
405 2812 571 2888 lllagisteria
598 2812 752 2874 sacerdotii
772 2812 935 2872 ditissimus
948 2811 1070 2887 quisque
1098 2815 1129 2867 et

140 2888 292 2951 ambitione
314 2902 344 2952 et
363 2894 520 2956 licitatione
541 2897 663 2957 maxima
683 2894 792 2955 vicibus
818 2892 1031 2973 comparabant.
1068 2889 1129 2951 Hc·

140 2972 213 3030 stiae
228 2982 310 3033 erant
329 2975 567 3056 phoenicopteri,
598 2997 743 3058 pavones,
769 2987 929 3054 tetraones,
958 2973 1131 3045 numidicae,

139 3053 345 3133 meleagrides,
375 3058 546 3137 phasianae,
569 3064 643 3140 quae
660 3063 816 3139 generatim
840 3077 893 3141 per
913 3058 1043 3137 singulos
1064 3056 1130 3113 dics

139 3137 359 3200 immolarentur.
400 3142 440 3201 llt
465 3143 597 3204 noctibus
628 3143 740 3223 quidem
767 3145 881 3223 plenam
911 3144 1166 3215 fulgentemquens

139 3220 232 3281 lunam
251 3221 387 3310 invitabat
405 3223 518 3284 assidue
537 3228 566 3285 in
588 3228 736 3307 amplexus
761 3237 845 3305 atque
866 3222 1063 3298 concubitum,
1084 3221 1128 3281 in·

139 3304 230 3365 terdiu
244 3322 315 3365 vero
331 3323 394 3365 cum
409 3305 570 3383 Capitolino
591 3309 660 3369 love
683 3316 797 3369 secreto
817 3306 1013 3382 fabulabatur,
1038 3304 1129 3365 modo

138 3388 317 3450 insusurrans
331 3407 368 3450 ac
385 3387 529 3468 praebeas
541 3392 571 3451 in
589 3394 682 3453 vicem
704 3409 817 3467 aurem,
844 3390 929 3451 modo
939 3390 1051 3451 ,clarius
1069 3404 1131 3449 nec
1225 3442 1226 3445 ,

146 3686 171 3723 k
