2475 3775
487 153 765 202 VITELLIUS.

485 579 740 638 vicentius.

183 739 368 802 Vitelliorum
382 740 521 818 originem
538 739 587 798 alii
601 739 687 800 aliam
707 747 737 799 et
758 741 872 820 quidem
894 721 1147 804 diversissim'nmff

119 823 250 901 tradam,
272 825 376 906 partim
391 833 521 884 veterem
537 833 568 883 et
582 822 728 901 nobilem,
747 825 850 903 partim
870 843 943 887 vero
963 837 1067 887 novam
1089 833 1119 886 et

121 909 275 969 obscuram
295 917 383 988 atque
404 910 491 970 etiam
511 906 674 976 sordidam;
699 909 776 986 quod
796 927 853 988 ego
876 927 931 989 per
951 909 1117 971 adulatores

119 993 396 1072 obtrectatoresque
411 991 711 1072 imperatorisVitelli
733 995 868 1055 evenisse
890 995 1041 1074 opinarer,
1065 987 1119 1054 nisi

96 1077 269 1156 subquunto
279 1079 359 1155 prius
370 1077 407 1138 de
418 1077 544 1155 familiae
555 1076 721 1137 conditione
733 1079 871 1138 variatum
881 1087 974 1140 'esset
989 1075 1117 1150 ExtatQ.

70 1211 74 1217 .
120 1159 405 1238 lllogiadQuintnm
415 1159 642 1222 Vitelliumltivi
652 1159 778 1238 Augusti
788 1171 978 1240 quaestorem
989 1151 1142 1240 libellus,‘

119 1263 179 1325 quo
196 1247 369 1322 continetur,
384 1244 521 1306 Vitellios
536 1244 636 1305 Fauno
652 1245 842 1324 Aboriginum
854 1265 927 1324 rege
945 1255 974 1307 et
988 1245 1118 1320 Vitellia,
1163 1313 1167 1320 ,

102 1344 196 1410 -qnae
211 1329 309 1390 multis
323 1330 399 1391 locis
415 1329 599 1409 pronomine
616 1329 776 1406 coleretur,
793 1339 875 1390 ortos
890 1339 952 1391 toto
968 1328 1049 1390 Latio
1068 1331 1118 1388 im·

120 1432 259 1492 perusse;
281 1414 383 1474 borum
406 1412 553 1475 residuam
575 1414 696 1492 stirpem
717 1431 754 1472 ex
769 1413 884 1474 Sabinis
905 1414 1046 1474 transisse
1061 1411 1118 1472 llo·
1217 1459 1219 1464 ,

84 1513 195 1559 nomam
208 1508 296 1576 atque
313 1500 390 1560 inter
403 1499 543 1578 petrinius
559 1497 717 1568 adlectam;
740 1497 844 1559 indicia
860 1498 959 1576 stirpis
979 1497 1120 1556 mansisse

120 1583 169 1643 din
182 1583 258 1643 uiam
272 1581 421 1644 Vitelliam
437 1584 474 1644 ab
489 1581 619 1647 laniculo
634 1584 879 1660 adnueremque,
895 1583 963 1642 item
976 1580 1121 1642 coloniam

121 1666 251 1727 eiusdem
271 1667 412 1743 nominis,
434 1662 519 1746 quam
538 1667 641 1744 gentili
663 1667 748 1745 copia
774 1665 917 1726 adversus
938 1663 1121 1745 Aequiculos

119 1751 266 1811 tutandam
289 1751 358 1810 olim
383 1750 644 1830 depoposcissent;
673 1761 808 1829 tempore
840 1749 946 1810 deinde
974 1747 1121 1809 Samnitici

119 1835 191 1897 belli
202 1833 351 1915 praesidio
362 1837 391 1894 in
402 1834 537 1916 Apuliam
547 1837 649 1912 misso,
666 1834 805 1917 quosdam
827 1852 865 1895 ex
883 1829 1000 1896 Vitellis
1017 1832 1118 1893 subse·
1164 1878 1167 1885 .

84 1920 201 1981 sedisse
214 1922 374 1996 Nuceriae,
396 1933 555 1999 eorumque
575 1920 747 1999 progeniem
768 1918 858 1997 longo
878 1926 946 1998 post
966 1915 1119 1997 intervallo

118 2007 267 2084 repetisse
286 2004 388 2066 nrbe‘m
407 2012 496 2085 atque
518 2003 648 2065 ordinem
666 2004 851 2064 senatorium.
893 1998 1001 2064 contra
1016 2001 1152 2080 pluresb

120 2098 269 2151 auctorem
289 2090 408 2167 generis
429 2089 595 2149 libertinum
617 2088 824 2167 prodiderunt,
851 2088 968 2149 cassius
990 2086 1119 2168 Severus

119 2192 177 2233 nec
196 2174 288 2235 minus
307 2174 357 2234 alii
378 2172 501 2235 eundem
524 2181 555 2233 et
574 2183 705 2234 sutorem
729 2173 1016 2251 sacramentarium,
1039 2168 1119 2231 cuius

52 2291 56 2300 ·
119 2258 196 2317 iilius
213 2257 392 2319 sectionibus
409 2268 438 2319 et
453 2258 613 2337 cognituris
627 2258 744 2318 uberius
767 2257 968 2337 compendium
987 2262 1119 2330 nanctus,

81 2358 112 2400 no
123 2359 162 2402 ex
178 2342 300 2404 muliere
315 2343 440 2421 vulgari,
452 2342 591 2403 Aniochi
608 2342 756 2404 cuiusdam
775 2342 931 2403 furnariam
952 2340 1119 2403 exercentis

119 2426 190 2503 iilia,
207 2428 333 2506 equitem
348 2426 383 2487 li.
401 2428 545 2505 genuerit.
575 2427 636 2487 Sed
651 2426 729 2505 quod
745 2427 902 2505 discrepat,
918 2427 956 2485 sit
971 2426 999 2483 iu
1013 2422 1118 2483 medio.
1143 2423 1162 2502 't
1178 2448 1230 2500 pet

122 2510 259 2572 Ceterum
272 2511 303 2572 P.
320 2510 457 2571 Vitellius
471 2511 557 2571 domo
572 2510 710 2587 Nuceria,
729 2512 791 2570 sive
806 2510 857 2569 ille
874 2510 972 2588 stirpis
985 2507 1120 2583 antiquae

119 2596 185 2655 sive
202 2595 346 2675 pudendis
360 2593 529 2673 parentibus
546 2603 635 2670 atque
647 2590 728 2669 avis‚'
739 2612 831 2671 eques
843 2600 925 2653 certe
936 2588 971 2648 R.
986 2597 1121 2648 atrorum

122 2680 245 2757 Augusti
259 2686 443 2757 procurator,
459 2685 594 2754 quattuor
608 2676 684 2735 lilios
699 2674 892 2755 amplissimae
908 2672 1054 2749 dignitatis
1071 2685 1119 2732 co-

83 2765 275 2842 cognomines
296 2778 331 2820 ao
350 2769 458 2821 tantum
471 2759 714 2838 praenominibus
737 2760 889 2819 distinctos
913 2756 1034 2835 reliquit
1052 2756 1118 2817 Aul.

122 2848 159 2923 Q.
175 2847 207 2907 P.
223 2851 253 2905 l.
269 2843 361 2906 Aulus
375 2846 404 2903 in
419 2844 571 2905 consulatu
587 2841 675 2919 obiit,
699 2861 783 2922 quern
804 2860 868 2902 cum
884 2839 1119 2927 Domitio-Nero·

120 2932 166 2991 nis
182 2927 318 2989 Caesaris
332 2937 417 3007 patre
428 2930 547 3005 inierat„
557 2927 725 3005 praelautus
737 2926 845 3005 alioqui
856 2925 1042 3004 famosusque
1053 2944 1127 3016 cae·

118 3032 221 3077 narum
236 3013 458 3091 magnificentia.
491 3012 614 3087 Quintus
632 3012 723 3071 caruit
735 3010 848 3086 ordine,
865 3028 929 3071 oum
944 3020 1064 3072 auctore
1074 3008 1118 3069 ui·

119 3100 204 3160 beria
219 3099 336 3159 secerni
352 3098 444 3158 minus
461 3097 583 3158 idoneos
601 3102 754 3161 senatores
773 3097 977 3175 removerique
993 3094 1119 3174 placuis-

81 3192 177 3244 soset.
193 3188 222 3243 Ρ.
230 3229 240 3263 ,
259 3180 423 3243 Germanici
441 3180 557 3257 comes,
580 3177 640 3240 GN.
654 3180 788 3241 Pisonem
799 3180 942 3241 inimicum
957 3187 987 3240 et
999 3177 1118 3238 interie-

119 3276 233 3329 ctorem
254 3268 318 3329 eius
339 3268 489 3328 accusavit
515 3265 800 3344 condemnavitque,
814 3281 849 3325 ac
875 3272 943 3343 post
964 3270 1133 3351 praeturae¹

119 3352 263 3413 bonorem
277 3353 353 3413 inter
366 3351 466 3426 Seiani
484 3352 619 3412 conscios
636 3359 771 3429 arreptus
782 3357 812 3409 et
822 3349 851 3409 in
866 3345 1026 3409 custodiam
1038 3342 1119 3403 iratri

118 3436 204 3497 datus
219 3436 339 3515 scalpro
356 3434 476 3497 librario
491 3453 581 3497 venas
597 3434 654 3495 sibi
669 3434 778 3513 incidit,
797 3452 853 3494 nec
869 3442 925 3493 tam
937 3427 1038 3489 mortis
1049 3442 1118 3509 pae-
