2475 3775
261 129 394 223 Lxxxur
596 168 804 228 nonantulo.

262 346 324 389 oum
337 330 400 403 ipso
418 328 527 386 nomine
542 344 575 383 ea
589 342 661 397 qnae
673 326 709 383 ad
722 342 813 397 genus
823 327 1001 386 Annaeorutn
1015 323 1160 397 ipsiusque

254 403 363 488 ‚poetae
379 419 497 471 aetatem
513 411 670 467 aeouratius
686 410 868 469 definiendam
879 408 1073 481 pertinebant,
1088 424 1158 479 qua

191 550 193 555 .
258 498 390 554 eonsulto
406 496 576 553 soboliueten
589 492 718 552 omisisse
734 493 912 562 crediderim,
928 498 1074 565 postquam
1090 493 1158 548 alta-

262 598 320 638 raur
334 581 418 636 uitam
434 577 619 650 quroaooae
637 578 725 631 tertar
738 576 874 648 integram
889 570 1094 649 peroripsiuss)
1108 576 1158 632 bas

261 680 308 721 res
323 662 536 733 diligentissime
552 655 723 717 exseeutan'u.
748 660 814 719 Turn
826 661 856 716 in
870 659 1075 733 posterioribus
1090 674 1159 729 quo-

160 782 162 786 ·
263 764 316 820 qua
332 745 462 802 nonnulla
483 744 571 799 minus
593 744 715 814 levigata
735 750 814 813 sunt,
831 750 862 799 ut
881 742 999 815 pristina
1018 742 1158 812 elegantia

263 828 414 889 omittendo
431 827 677 897 comminandoque
692 827 839 885 &somata
862 844 927 885 esse
942 826 1077 883 uideatur.
1122 824 1158 885 M

264 933 290 987 p.
306 916 420 981 999,11
439 926 494 966 non
509 910 680 967 scholiastae
695 910 824 977 oonsilio,
841 911 892 967 sed
906 909 1015 965 librarii
1029 910 1109 980 lapsu
1124 926 1156 964 ea

264 996 405 1053 excidisse
420 1000 536 1066 apparet
546 1010 619 1065 quae
631 995 666 1050 de
683 994 748 1063 tuga
760 994 864 1051 buenni
879 999 907 1049 et
920 991 1156 1052 itiners.Atbenas

264 1080 337 1135 tuoto
354 1078 509 1147 studiisque
521 1074 721 1149 'philosophiae
735 1078 838 1149 seripta
858 1077 979 1132 fuerunt.

323 1162 397 1217 idaeo
419 1160 475 1217 vita
496 1164 561 1231 post
581 1160 731 1217 editionem
751 1160 905 1233 prinoipem
927 1164 1037 1219 attis)
1059 1159 1157 1215 iaotm

261 1246 345 1301 toties
357 1262 418 1301 oum
433 1244 534 1300 bueaui
549 1244 670 1301 oarrnino
682 1244 794 1315 sumata
810 1250 865 1312 est,
878 1250 910 1298 ut
925 1238 992 1299 saue
1007 1242 1158 1299 mirandum

262 1329 299 1385 sit
316 1335 344 1385 at
359 1328 532 1399 scaligerum
552 1328 648 1384 tornis
672 1342 727 1382 non
743 1343 873 1386 exossato
896 1326 1037 1397 putavisse
1062 1331 1091 1381 et
1105 1325 1158 1381 cn-

259 1414 413 1469 saubonurn
434 1412 573 1467 secundae
587 1426 656 1467 suae
677 1405 842 1483 sortierit)
859 1410 1002 1467 addidisse
1023 1416 1158 1479 umquam

261 1490 445 1569 inaniunt).
490 1493 593 1565 Soripti
617 1493 684 1550 libri
703 1493 822 1564 inspecti
843 1500 907 1552 eunt
920 1494 1009 1549 adhue
1023 1493 1087 1554 vttl
1107 1509 1158 1547 uu-

261 1593 353 1647 mero,
369 1593 484 1650 quorum
500 1575 558 1632 bini
572 1578 678 1633 berrae
695 1582 724 1648 et
737 1576 866 1645 Parisiis,
881 1576 984 1651 singuli
999 1577 1159 1647 Montepes·

260 1661 314 1717 sali
328 1660 462 1717 cassellis
475 1659 598 1717 Berofiui
610 1666 803 1729 asservantur,
817 1676 886 1716 uuus
901 1661 1037 1717 ineertnrn
1052 1659 1100 1716 ubi
1115 1659 1158 1714 la-

328 1837 374 1902 78)
395 1838 513 1906 Superest
532 1840 586 1890 eius
605 1840 707 1906 generis
724 1840 805 1890 codex
821 1838 957 1890 bernensis
971 1838 1023 1890 370
1038 1835 1158 1901 idemque

258 1911 370 1960 omnium
388 1909 614 1958 emendatissimus.
651 1911 680 1959 lu
704 1923 734 1959 eo
751 1911 819 1958 euim
834 1917 892 1974 post
907 1908 1055 1958 vocabulum
1070 1921 1159 1957 ooeee-

258 1982 305 2038 aa‘o,
320 1977 388 2040 quod
404 1977 516 2026 ultimum
531 1985 569 2026 est
585 1978 651 2026 vitae
667 1992 683 2026 a
697 1978 780 2026 Vacca
795 1978 959 2042 conseriptae,
977 1978 1096 2025 continuo
1116 1991 1159 2024 se-

260 2055 369 2109 qunntur
383 2045 469 2093 Prima
486 2047 578 2108 inperata·
591 2054 637 2094 ete.
660 2045 765 2110 parvulo
784 2046 869 2094 relicto
887 2044 1017 2094 interverto
1036 2042 1160 2108 nulloque

259 2111 330 2162 titulo
342 2113 498 2175 interposito.
590 2153 592 2156 .

326 2177 374 2242 79)
396 2180 427 2230 Α,
453 2178 527 2228 1610.
563 2179 613 2230 Sed
636 2181 687 2230 iam
703 2195 727 2230 a.
747 2181 814 2232 1596
830 2190 973 2247 aoeeperat,
992 2180 1158 2229 a'rbeedoro

128 2299 137 2318 ‚
205 2285 207 2288 .
258 2247 365 2298 Centeno
386 2246 546 2296 Ultroieotino
570 2250 681 2314 eysteri
701 2250 787 2299 oodioe
806 2250 973 2315 desoriptam,
994 2249 1041 2300 err.
1060 2249 1159 2300 Caseu-

258 2313 318 2364 boui
341 2313 462 2377 epistolae
483 2330 509 2379 p.
532 2315 583 2368 049
601 2317 692 2366 Atmoi.
717 2319 785 2382 quod
801 2333 873 2370 exem
901 2333 943 2367 nm
960 2317 1159 2368 Aimeloueeuus

258 2382 291 2432 ad
307 2381 421 2446 vulgatas
439 2382 561 2434 editiones
583 2385 718 2436 refluxisse
731 2387 837 2436 videtur.
896 2394 1037 2451 esumptam
1057 2386 1160 2436 aesu-

257 2459 310 2500 tero
328 2447 355 2498 0.
372 2449 412 2513 Fr.
429 2449 523 2499 Weber
545 2453 694 2518 opinabatur
710 2470 742 2503 ex
759 2455 844 2518 aliqua
860 2456 1000 2519 priscarum
1017 2453 1160 2503 editionum

257 2532 314 2568 oum
331 2517 421 2581 quibus
440 2519 560 2568 nonnulis
584 2523 726 2570 eommunia
740 2522 828 2581 habet,
851 2530 879 2571 ut
896 2537 922 2588 p.
941 2522 1006 2581 999,
1029 2521 1160 2572 1511119·-

256 2588 342 2654 polata
360 2587 435 2636 verba
450 2587 498 2648 Qua·
512 2595 598 2639 tantae
617 2591 726 2640 leuitatis
743 2598 770 2640 et
785 2591 959 2641 inmoderatae
974 2592 1075 2654 linquae
1095 2587 1159 2650 suit.

257 2660 291 2706 At
314 2655 401 2705 eadem
428 2656 504 2706 verba
525 2655 697 2710 Berolinensis
721 2674 820 2722 quoque
844 2659 907 2709 tiber
931 2659 1019 2717 buben
1041 2666 1065 2708 et
1092 2657 1161 2706 haec

257 2731 322 2774 oerte
337 2737 364 2786 p.
379 2723 493 2784 usu-12
511 2724 550 2774 M.
567 2727 687 2777 Annaeus
705 2729 822 2776 Lacones
839 2727 1018 2785 Cordubensis,
1038 2725 1070 2776 21
1089 2730 1160 2789 net,

256 2807 284 2856 p.
299 2789 359 2850 300,
378 2790 567 2854 lparrdeidusn,
585 2794 601 2846 3
617 2798 679 2856 aas,
694 2796 711 2846 5
729 2811 786 2858 sqq.
814 2795 1021 2846 Peenameus·
1036 2797 1091 2844 eius
1107 2803 1159 2848 eto.

256 2859 342 2919 utique
366 2859 392 2906 in
410 2861 509 2926 seriptis
532 2862 601 2926 libpis
619 2872 732 2929 reperta,
755 2877 829 2912 nemo
850 2863 995 2928 typothetae
1016 2864 1161 2915 tradiderat

255 2933 313 2974 ante
328 2923 511 2978 Gusaubonum.
547 2929 666 2982 Dubitare
684 2932 762 2996 igitur
776 2933 828 2980 noti
846 2933 908 2996 quin
922 2932 1008 2983 codice
1024 2947 1074 2985 ms.
1088 2925 1162 2982 Gan-

254 3001 324 3042 terus
342 3005 403 3042 usus
421 2996 468 3058 sit,
487 3004 511 3045 et
528 2998 572 3050 unt
590 2999 690 3061 quidem
709 3001 753 3061 qui
768 2999 964 3054 adBerneusem
981 3000 1016 3051 45
1037 3001 1163 3064 proxime

254 3059 401 3122 enudetur,
417 3062 465 3114 efr.
480 3079 505 3128 p·
524 3063 583 3126 299,
600 3066 635 3117 20
652 3066 702 3116 Hie
719 3069 745 3117 ie
761 3069 846 3129 euno,
869 3070 901 3118 21
917 3071 997 3133 torpe,
1011 3084 1039 3134 p.
1058 3068 1125 3130 300,
1143 3073 1163 3122 2

189 3146 192 3151 ’
253 3128 332 3180 utero
344 3129 462 3192 arbitrio,
484 3132 586 3183 betium
598 3136 660 3184 eise.

265 3264 271 3276 ⁵
320 3194 366 3276 9³⁰.)
384 3199 494 3249 Primum
510 3201 542 3250 ad
553 3210 651 3252 vetuste
665 3203 781 3268 exempta
794 3205 932 3256 secessisse
941 3205 1078 3270 Bugonern
1091 3205 1164 3256 Gro-

253 3269 317 3312 trnm
334 3265 414 3320 video,
435 3269 480 3329 qni
500 3269 526 3318 in
541 3285 588 3320 sua
604 3271 713 3322 editione
729 3287 754 3320 a.
776 3272 842 3326 1614
863 3273 956 3324 entissa
974 3273 1164 3325 casaubonum

253 3330 366 3394 alioquin
384 3333 511 3397 reterens,
537 3340 608 3388 uncis
631 3353 663 3390 oa
678 3340 779 3390 inolusit
797 3356 862 3402 quae
879 3341 910 3390 ab
928 3343 1039 3404 antiquis
1059 3342 1164 3397 editio·

241 3397 327 3480 'nibus
343 3401 432 3452 abesse
447 3403 665 3457 animadverterat.
