<?xml version="1.0" encoding="UTF-8"?>
<!DOCTYPE html PUBLIC "-//W3C//DTD XHTML 1.0 Transitional//EN"
    "http://www.w3.org/TR/xhtml1/DTD/xhtml1-transitional.dtd">
<html xmlns="http://www.w3.org/1999/xhtml" xml:lang="en" lang="en">
 <head>
  <title>
</title>
<meta http-equiv="Content-Type" content="text/html;charset=utf-8" />
  <meta name='ocr-system' content='tesseract 3.04.00' />
  <meta name='ocr-capabilities' content='ocr_page ocr_carea ocr_par ocr_line ocrx_word'/>
</head>
<body>
  <div class='ocr_page' id='page_1' title='image "./csuetonitranqui03rothgoog_0428.png"; bbox 0 0 2475 3775; ppageno 0'>
   <div class='ocr_carea' id='block_1_1' title="bbox 150 125 908 246">
    <p class='ocr_par' dir='ltr' id='par_1_1' title="bbox 150 125 921 246">
     <span class='ocr_line' id='line_1_1' title="bbox 150 125 908 246; baseline -0.01 -11"><span class='ocrx_word' id='word_1_1' title='bbox 150 173 211 236; x_wconf 78' lang='lat'><strong>³18</strong></span> <span class='ocrx_word' id='word_1_2' title='bbox 430 185 464 235; x_wconf 75' lang='lat'><strong>⁰.</strong></span> <span class='ocrx_word' id='word_1_3' title='bbox 486 183 649 234; x_wconf 81' lang='lat' dir='ltr'><strong>sunnomr</strong></span> <span class='ocrx_word' id='word_1_4' title='bbox 662 185 881 246; x_wconf 64' lang='lat' dir='ltr'><strong>nummum</strong></span> <span class='ocrx_word' id='word_1_5' title='bbox 900 125 908 136; x_wconf 28' lang='grc' dir='ltr'>ι</span> 
     </span>
    </p>
   </div>
   <div class='ocr_carea' id='block_1_2' title="bbox 116 338 1221 2703">
    <p class='ocr_par' dir='ltr' id='par_1_2' title="bbox 148 338 1190 584">
     <span class='ocr_line' id='line_1_2' title="bbox 150 338 1150 419; baseline 0.002 -21"><span class='ocrx_word' id='word_1_6' title='bbox 150 338 259 419; x_wconf 86' lang='lat' dir='ltr'><strong>pendit,</strong></span> <span class='ocrx_word' id='word_1_7' title='bbox 271 340 409 417; x_wconf 81' lang='lat' dir='ltr'><strong>&#39;opinator</strong></span> <span class='ocrx_word' id='word_1_8' title='bbox 424 339 472 416; x_wconf 89' lang='lat' dir='ltr'><strong>qui</strong></span> <span class='ocrx_word' id='word_1_9' title='bbox 487 339 618 417; x_wconf 87' lang='lat' dir='ltr'><strong>opinioni</strong></span> <span class='ocrx_word' id='word_1_10' title='bbox 631 348 770 399; x_wconf 83' lang='lat' dir='ltr'><strong>aut-suae</strong></span> <span class='ocrx_word' id='word_1_11' title='bbox 783 347 833 399; x_wconf 89' lang='lat' dir='ltr'><strong>aut</strong></span> <span class='ocrx_word' id='word_1_12' title='bbox 846 338 967 399; x_wconf 78' lang='lat' dir='ltr'><strong>alterins</strong></span> <span class='ocrx_word' id='word_1_13' title='bbox 977 340 1087 416; x_wconf 82' lang='lat' dir='ltr'><strong>credit,</strong></span> <span class='ocrx_word' id='word_1_14' title='bbox 1106 359 1150 400; x_wconf 92' lang='lat' dir='ltr'><strong>ar·</strong></span> 
     </span>
     <span class='ocr_line' id='line_1_3' title="bbox 148 421 1150 501; baseline 0.002 -20"><span class='ocrx_word' id='word_1_15' title='bbox 148 423 270 487; x_wconf 83' lang='lat' dir='ltr'><strong>bitrotor</strong></span> <span class='ocrx_word' id='word_1_16' title='bbox 283 423 332 501; x_wconf 91' lang='lat' dir='ltr'><strong>qni</strong></span> <span class='ocrx_word' id='word_1_17' title='bbox 348 421 452 482; x_wconf 79' lang='lat' dir='ltr'><strong>duiuiae</strong></span> <span class='ocrx_word' id='word_1_18' title='bbox 466 422 510 482; x_wconf 89' lang='lat' dir='ltr'><strong>rei</strong></span> <span class='ocrx_word' id='word_1_19' title='bbox 522 421 613 499; x_wconf 71' lang='lat' dir='ltr'><strong>finem</strong></span> <span class='ocrx_word' id='word_1_20' title='bbox 623 421 769 501; x_wconf 78' lang='lat' dir='ltr'><strong>imponit,</strong></span> <span class='ocrx_word' id='word_1_21' title='bbox 790 422 1038 501; x_wconf 67' lang='lat' dir='ltr'><strong>suspicatusque·</strong></span> <span class='ocrx_word' id='word_1_22' title='bbox 1052 422 1150 484; x_wconf 84' lang='lat' dir='ltr'><strong>luten·</strong></span> 
     </span>
     <span class='ocr_line' id='line_1_4' title="bbox 148 497 1190 584; baseline -0.001 -17"><span class='ocrx_word' id='word_1_23' title='bbox 148 506 190 567; x_wconf 82' lang='lat' dir='ltr'><strong>tia</strong></span> <span class='ocrx_word' id='word_1_24' title='bbox 207 506 257 567; x_wconf 81' lang='lat' dir='ltr'><strong>rei</strong></span> <span class='ocrx_word' id='word_1_25' title='bbox 273 497 420 584; x_wconf 87' lang='lat' dir='ltr'><strong>prospicit</strong></span> <span class='ocrx_word' id='word_1_26' title='bbox 435 505 567 566; x_wconf 79' lang='lat' dir='ltr'><strong>iormane</strong></span> <span class='ocrx_word' id='word_1_27' title='bbox 616 549 623 558; x_wconf 85' lang='grc'><strong>.-</strong></span> <span class='ocrx_word' id='word_1_28' title='bbox 657 543 660 552; x_wconf 85' lang='lat'><em>-</em></span> <span class='ocrx_word' id='word_1_29' title='bbox 902 541 907 550; x_wconf 90' lang='lat'><em>·</em></span> <span class='ocrx_word' id='word_1_30' title='bbox 1177 559 1190 572; x_wconf 76' lang='grc'><strong>,</strong></span> 
     </span>
    </p>

    <p class='ocr_par' dir='ltr' id='par_1_3' title="bbox 148 585 1172 846">
     <span class='ocr_line' id='line_1_5' title="bbox 209 585 1148 680; baseline 0 -19"><span class='ocrx_word' id='word_1_31' title='bbox 209 601 369 662; x_wconf 81' lang='lat' dir='ltr'>Prohibere</span> <span class='ocrx_word' id='word_1_32' title='bbox 393 609 423 661; x_wconf 87' lang='lat' dir='ltr'><strong>et</strong></span> <span class='ocrx_word' id='word_1_33' title='bbox 439 601 584 679; x_wconf 80' lang='lat' dir='ltr'><strong>inhibere}</strong></span> <span class='ocrx_word' id='word_1_34' title='bbox 600 599 758 679; x_wconf 83' lang='lat' dir='ltr'><strong>prohibere</strong></span> <span class='ocrx_word' id='word_1_35' title='bbox 776 607 825 660; x_wconf 84' lang='lat' dir='ltr'><strong>est</strong></span> <span class='ocrx_word' id='word_1_36' title='bbox 845 617 934 678; x_wconf 90' lang='lat' dir='ltr'><strong>porro</strong></span> <span class='ocrx_word' id='word_1_37' title='bbox 954 585 1082 680; x_wconf 78' lang='lat' dir='ltr'><strong>habere,</strong></span> <span class='ocrx_word' id='word_1_38' title='bbox 1107 605 1148 662; x_wconf 80' lang='lat' dir='ltr'><strong>in</strong></span> 
     </span>
     <span class='ocr_line' id='line_1_6' title="bbox 148 681 1172 762; baseline -0.002 -16"><span class='ocrx_word' id='word_1_39' title='bbox 148 683 250 746; x_wconf 82' lang='lat' dir='ltr'><strong>hibere</strong></span> <span class='ocrx_word' id='word_1_40' title='bbox 271 685 421 747; x_wconf 75' lang='lat' dir='ltr'><strong>nnutnein</strong></span> <span class='ocrx_word' id='word_1_41' title='bbox 435 697 489 746; x_wconf 84' lang='lat' dir='ltr'><strong>usa</strong></span> <span class='ocrx_word' id='word_1_42' title='bbox 503 683 625 752; x_wconf 78' lang='lat' dir='ltr'><strong>habent3</strong></span> <span class='ocrx_word' id='word_1_43' title='bbox 647 693 686 742; x_wconf 51' lang='lat' dir='ltr'><strong>et*</strong></span> <span class='ocrx_word' id='word_1_44' title='bbox 698 681 774 762; x_wconf 92' lang='lat' dir='ltr'><strong>quod</strong></span> <span class='ocrx_word' id='word_1_45' title='bbox 794 681 980 762; x_wconf 72' lang='lat' dir='ltr'><strong>prohibemus</strong></span> <span class='ocrx_word' id='word_1_46' title='bbox 1001 686 1082 761; x_wconf 86' lang='lat' dir='ltr'><strong>inre,</strong></span> <span class='ocrx_word' id='word_1_47' title='bbox 1107 688 1172 749; x_wconf 70' lang='lat' dir='ltr'><strong>ins</strong></span> 
     </span>
     <span class='ocr_line' id='line_1_7' title="bbox 148 767 854 846; baseline -0.001 -19"><span class='ocrx_word' id='word_1_48' title='bbox 148 767 279 828; x_wconf 86' lang='lat' dir='ltr'><strong>hibemns</strong></span> <span class='ocrx_word' id='word_1_49' title='bbox 294 769 427 846; x_wconf 88' lang='lat' dir='ltr'><strong>imperio.</strong></span> <span class='ocrx_word' id='word_1_50' title='bbox 527 796 529 799; x_wconf 30' lang='lat' dir='ltr'>v</span> <span class='ocrx_word' id='word_1_51' title='bbox 602 796 605 800; x_wconf 46' lang='lat'><em>⁴</em></span> <span class='ocrx_word' id='word_1_52' title='bbox 852 783 854 790; x_wconf 61' lang='lat'><strong>⁴</strong></span> 
     </span>
    </p>

    <p class='ocr_par' dir='ltr' id='par_1_4' title="bbox 148 847 1146 1094">
     <span class='ocr_line' id='line_1_8' title="bbox 212 847 1146 930; baseline -0.003 -19"><span class='ocrx_word' id='word_1_53' title='bbox 212 850 420 911; x_wconf 85' lang='lat' dir='ltr'><strong>Pienimdinem</strong></span> <span class='ocrx_word' id='word_1_54' title='bbox 435 859 465 911; x_wconf 85' lang='lat' dir='ltr'><strong>et</strong></span> <span class='ocrx_word' id='word_1_55' title='bbox 477 851 656 930; x_wconf 80' lang='lat' dir='ltr'><strong>plenitatem]</strong></span> <span class='ocrx_word' id='word_1_56' title='bbox 668 847 820 928; x_wconf 86' lang='lat' dir='ltr'><strong>pienimdo</strong></span> <span class='ocrx_word' id='word_1_57' title='bbox 838 858 1065 928; x_wconf 72' lang='lat' dir='ltr'><strong>corporeum,</strong></span> <span class='ocrx_word' id='word_1_58' title='bbox 1084 847 1146 927; x_wconf 85' lang='lat' dir='ltr'><strong>pie·</strong></span> 
     </span>
     <span class='ocr_line' id='line_1_9' title="bbox 149 931 1146 1013; baseline -0.002 -19"><span class='ocrx_word' id='word_1_59' title='bbox 149 937 223 994; x_wconf 87' lang='lat' dir='ltr'><strong>nitas</strong></span> <span class='ocrx_word' id='word_1_60' title='bbox 237 951 352 1002; x_wconf 87' lang='lat' dir='ltr'><strong>rerum;</strong></span> <span class='ocrx_word' id='word_1_61' title='bbox 374 936 412 993; x_wconf 91' lang='lat' dir='ltr'><strong>ita</strong></span> <span class='ocrx_word' id='word_1_62' title='bbox 435 933 641 1013; x_wconf 77' lang='lat' dir='ltr'><strong>plenitudinem</strong></span> <span class='ocrx_word' id='word_1_63' title='bbox 662 933 816 992; x_wconf 73' lang='lat' dir='ltr'>obesorum</span> <span class='ocrx_word' id='word_1_64' title='bbox 833 949 1003 1012; x_wconf 85' lang='lat' dir='ltr'><strong>corporum,</strong></span> <span class='ocrx_word' id='word_1_65' title='bbox 1023 931 1146 1011; x_wconf 81' lang='lat' dir='ltr'><strong>plenite-</strong></span> 
     </span>
     <span class='ocr_line' id='line_1_10' title="bbox 148 1015 743 1094; baseline -0.003 -17"><span class='ocrx_word' id='word_1_66' title='bbox 148 1027 207 1077; x_wconf 88' lang='lat' dir='ltr'><strong>tem</strong></span> <span class='ocrx_word' id='word_1_67' title='bbox 223 1016 417 1094; x_wconf 75' lang='lat' dir='ltr'><strong>quarumlibet·</strong></span> <span class='ocrx_word' id='word_1_68' title='bbox 428 1015 547 1076; x_wconf 88' lang='lat' dir='ltr'><strong>dicimus</strong></span> <span class='ocrx_word' id='word_1_69' title='bbox 561 1034 667 1079; x_wconf 88' lang='lat' dir='ltr'><strong>rerum.</strong></span> <span class='ocrx_word' id='word_1_70' title='bbox 739 1045 743 1053; x_wconf 56' lang='lat'><em>1</em></span> 
     </span>
    </p>

    <p class='ocr_par' dir='ltr' id='par_1_5' title="bbox 148 1098 1178 1241">
     <span class='ocr_line' id='line_1_11' title="bbox 211 1098 1178 1179; baseline -0.005 -20"><span class='ocrx_word' id='word_1_71' title='bbox 211 1099 328 1159; x_wconf 84' lang='lat' dir='ltr'><strong>Precori</strong></span> <span class='ocrx_word' id='word_1_72' title='bbox 350 1108 380 1159; x_wconf 91' lang='lat' dir='ltr'><strong>et</strong></span> <span class='ocrx_word' id='word_1_73' title='bbox 401 1099 563 1179; x_wconf 87' lang='lat' dir='ltr'><strong>deprecari]</strong></span> <span class='ocrx_word' id='word_1_74' title='bbox 587 1117 740 1179; x_wconf 88' lang='lat' dir='ltr'><strong>precamur</strong></span> <span class='ocrx_word' id='word_1_75' title='bbox 758 1099 859 1176; x_wconf 85' lang='lat' dir='ltr'><strong>deam,</strong></span> <span class='ocrx_word' id='word_1_76' title='bbox 881 1099 1075 1178; x_wconf 70' lang='lat' dir='ltr'><strong>deprecamur</strong></span> <span class='ocrx_word' id='word_1_77' title='bbox 1094 1098 1178 1159; x_wconf 86' lang='lat' dir='ltr'><strong>iro-n</strong></span> 
     </span>
     <span class='ocr_line' id='line_1_12' title="bbox 148 1199 834 1241; baseline -0.003 0"><span class='ocrx_word' id='word_1_78' title='bbox 148 1199 249 1241; x_wconf 82' lang='lat' dir='ltr'><strong>munes.</strong></span> <span class='ocrx_word' id='word_1_79' title='bbox 332 1208 337 1216; x_wconf 73' lang='lat'>=</span> <span class='ocrx_word' id='word_1_80' title='bbox 381 1209 384 1212; x_wconf 55' lang='lat'><strong>&gt;</strong></span> <span class='ocrx_word' id='word_1_81' title='bbox 832 1231 834 1239; x_wconf 31' lang='lat' dir='ltr'><strong>r</strong></span> 
     </span>
    </p>

    <p class='ocr_par' dir='ltr' id='par_1_6' title="bbox 150 1277 1221 1440">
     <span class='ocr_line' id='line_1_13' title="bbox 210 1277 1146 1358; baseline -0.004 -20"><span class='ocrx_word' id='word_1_82' title='bbox 210 1277 334 1354; x_wconf 78' lang='lat' dir='ltr'><strong>Regium</strong></span> <span class='ocrx_word' id='word_1_83' title='bbox 349 1286 378 1337; x_wconf 90' lang='lat' dir='ltr'><strong>et</strong></span> <span class='ocrx_word' id='word_1_84' title='bbox 392 1278 535 1358; x_wconf 78' lang='lat' dir='ltr'><strong>regalem]</strong></span> <span class='ocrx_word' id='word_1_85' title='bbox 547 1281 647 1355; x_wconf 84' lang='lat' dir='ltr'><strong>regius</strong></span> <span class='ocrx_word' id='word_1_86' title='bbox 658 1297 732 1357; x_wconf 88' lang='lat' dir='ltr'><strong>puer</strong></span> <span class='ocrx_word' id='word_1_87' title='bbox 741 1288 785 1338; x_wconf 90' lang='lat' dir='ltr'><strong>est</strong></span> <span class='ocrx_word' id='word_1_88' title='bbox 798 1280 889 1355; x_wconf 77' lang='lat' dir='ltr'><strong>regis,</strong></span> <span class='ocrx_word' id='word_1_89' title='bbox 903 1277 1012 1354; x_wconf 85' lang='lat' dir='ltr'><strong>regalis</strong></span> <span class='ocrx_word' id='word_1_90' title='bbox 1026 1293 1084 1336; x_wconf 85' lang='lat' dir='ltr'><strong>rer</strong></span> <span class='ocrx_word' id='word_1_91' title='bbox 1098 1279 1146 1354; x_wconf 90' lang='lat' dir='ltr'><strong>qui</strong></span> 
     </span>
     <span class='ocr_line' id='line_1_14' title="bbox 150 1361 1221 1440; baseline -0.007 -19"><span class='ocrx_word' id='word_1_92' title='bbox 150 1361 226 1440; x_wconf 77' lang='lat' dir='ltr'><strong>regit</strong></span> <span class='ocrx_word' id='word_1_93' title='bbox 243 1376 374 1438; x_wconf 78' lang='lat' dir='ltr'><strong>regumn.</strong></span> <span class='ocrx_word' id='word_1_94' title='bbox 568 1370 570 1373; x_wconf 82' lang='grc'><strong>’</strong></span> <span class='ocrx_word' id='word_1_95' title='bbox 813 1387 816 1394; x_wconf 58' lang='grc'><strong><em>«</em></strong></span> <span class='ocrx_word' id='word_1_96' title='bbox 1000 1371 1002 1378; x_wconf 85' lang='grc'><strong>’</strong></span> <span class='ocrx_word' id='word_1_97' title='bbox 1220 1411 1221 1414; x_wconf 74' lang='grc'>,</span> 
     </span>
    </p>

    <p class='ocr_par' dir='ltr' id='par_1_7' title="bbox 116 1443 1221 1522">
     <span class='ocr_line' id='line_1_15' title="bbox 116 1443 1221 1522; baseline -0.005 -15"><span class='ocrx_word' id='word_1_98' title='bbox 116 1503 119 1507; x_wconf 82' lang='grc'>.</span> <span class='ocrx_word' id='word_1_99' title='bbox 210 1443 353 1506; x_wconf 78' lang='lat' dir='ltr'><strong>Relictam</strong></span> <span class='ocrx_word' id='word_1_100' title='bbox 367 1452 396 1502; x_wconf 87' lang='lat' dir='ltr'><strong>et</strong></span> <span class='ocrx_word' id='word_1_101' title='bbox 410 1443 555 1504; x_wconf 88' lang='lat' dir='ltr'><strong>desertum</strong></span> <span class='ocrx_word' id='word_1_102' title='bbox 567 1444 628 1504; x_wconf 81' lang='lat' dir='ltr'><strong>hoc</strong></span> <span class='ocrx_word' id='word_1_103' title='bbox 636 1444 740 1522; x_wconf 78' lang='lat' dir='ltr'><strong>differt,</strong></span> <span class='ocrx_word' id='word_1_104' title='bbox 749 1443 826 1522; x_wconf 90' lang='lat' dir='ltr'><strong>quod</strong></span> <span class='ocrx_word' id='word_1_105' title='bbox 832 1443 1018 1522; x_wconf 86' lang='lat' dir='ltr'><strong>relinquimur</strong></span> <span class='ocrx_word' id='word_1_106' title='bbox 1025 1452 1145 1522; x_wconf 89' lang='lat' dir='ltr'><strong>sponte,</strong></span> <span class='ocrx_word' id='word_1_107' title='bbox 1220 1451 1221 1456; x_wconf 77' lang='grc'>’</span> 
     </span>
    </p>

    <p class='ocr_par' dir='ltr' id='par_1_8' title="bbox 148 1527 1173 1588">
     <span class='ocr_line' id='line_1_16' title="bbox 148 1527 1173 1588; baseline -0.005 0"><span class='ocrx_word' id='word_1_108' title='bbox 148 1528 306 1588; x_wconf 87' lang='lat' dir='ltr'><strong>deserimur</strong></span> <span class='ocrx_word' id='word_1_109' title='bbox 318 1527 409 1585; x_wconf 86' lang='lat' dir='ltr'><strong>inviti.</strong></span> <span class='ocrx_word' id='word_1_110' title='bbox 709 1547 712 1550; x_wconf 94' lang='lat'>·</span> <span class='ocrx_word' id='word_1_111' title='bbox 895 1549 897 1552; x_wconf 94' lang='lat'>·</span> <span class='ocrx_word' id='word_1_112' title='bbox 1154 1544 1173 1583; x_wconf 83' lang='lat' dir='ltr'><strong>u</strong></span> 
     </span>
    </p>

    <p class='ocr_par' dir='ltr' id='par_1_9' title="bbox 149 1608 1144 1770">
     <span class='ocr_line' id='line_1_17' title="bbox 207 1608 1144 1688; baseline -0.001 -19"><span class='ocrx_word' id='word_1_113' title='bbox 207 1608 348 1686; x_wconf 86' lang='lat' dir='ltr'><strong>Reliquos</strong></span> <span class='ocrx_word' id='word_1_114' title='bbox 360 1613 393 1669; x_wconf 77' lang='lat' dir='ltr'><strong>&#39;et</strong></span> <span class='ocrx_word' id='word_1_115' title='bbox 405 1609 797 1688; x_wconf 81' lang='lat' dir='ltr'><strong>oeteroslreiiquosdicimus</strong></span> <span class='ocrx_word' id='word_1_116' title='bbox 811 1609 932 1670; x_wconf 82' lang='lat' dir='ltr'><strong>relictos</strong></span> <span class='ocrx_word' id='word_1_117' title='bbox 947 1611 984 1668; x_wconf 81' lang='lat' dir='ltr'><strong>e‘x</strong></span> <span class='ocrx_word' id='word_1_118' title='bbox 999 1608 1144 1686; x_wconf 84' lang='lat' dir='ltr'><strong>omnious,</strong></span> 
     </span>
     <span class='ocr_line' id='line_1_18' title="bbox 149 1694 696 1770; baseline -0.002 -18"><span class='ocrx_word' id='word_1_119' title='bbox 149 1701 264 1752; x_wconf 88' lang='lat' dir='ltr'><strong>ceteros</strong></span> <span class='ocrx_word' id='word_1_120' title='bbox 279 1708 352 1769; x_wconf 87' lang='lat' dir='ltr'><strong>qnos</strong></span> <span class='ocrx_word' id='word_1_121' title='bbox 368 1694 538 1770; x_wconf 86' lang='lat' dir='ltr'><strong>excipimus.</strong></span> <span class='ocrx_word' id='word_1_122' title='bbox 692 1705 696 1712; x_wconf 88' lang='grc'><strong>’</strong></span> 
     </span>
    </p>

    <p class='ocr_par' dir='ltr' id='par_1_10' title="bbox 147 1774 1221 1941">
     <span class='ocr_line' id='line_1_19' title="bbox 206 1774 1221 1855; baseline 0 -19"><span class='ocrx_word' id='word_1_123' title='bbox 206 1774 359 1836; x_wconf 83' lang='lat' dir='ltr'><strong>Redibium</strong></span> <span class='ocrx_word' id='word_1_124' title='bbox 376 1792 429 1852; x_wconf 90' lang='lat' dir='ltr'><strong>per</strong></span> <span class='ocrx_word' id='word_1_125' title='bbox 444 1774 463 1834; x_wconf 91' lang='lat' dir='ltr'>b</span> <span class='ocrx_word' id='word_1_126' title='bbox 479 1784 508 1835; x_wconf 88' lang='lat' dir='ltr'><strong>et</strong></span> <span class='ocrx_word' id='word_1_127' title='bbox 520 1775 659 1835; x_wconf 79' lang='lat' dir='ltr'><strong>rediviam</strong></span> <span class='ocrx_word' id='word_1_128' title='bbox 674 1779 757 1854; x_wconf 83' lang='lat' dir='ltr'><strong>per&#39;v</strong></span> <span class='ocrx_word' id='word_1_129' title='bbox 772 1774 1144 1855; x_wconf 83' lang='lat' dir='ltr'><strong>litteramlredibimnquod</strong></span> <span class='ocrx_word' id='word_1_130' title='bbox 1217 1781 1221 1854; x_wconf 50' lang='lat'>4</span> 
     </span>
     <span class='ocr_line' id='line_1_20' title="bbox 147 1858 1081 1941; baseline 0 -22"><span class='ocrx_word' id='word_1_131' title='bbox 147 1860 274 1919; x_wconf 85' lang='lat' dir='ltr'><strong>nescitur</strong></span> <span class='ocrx_word' id='word_1_132' title='bbox 288 1859 384 1920; x_wconf 88' lang='lat' dir='ltr'><strong>semei</strong></span> <span class='ocrx_word' id='word_1_133' title='bbox 396 1861 533 1937; x_wconf 77' lang='lat' dir='ltr'><strong>manno,</strong></span> <span class='ocrx_word' id='word_1_134' title='bbox 556 1858 695 1922; x_wconf 81' lang='lat' dir='ltr'><strong>rediviam</strong></span> <span class='ocrx_word' id='word_1_135' title='bbox 711 1859 788 1941; x_wconf 91' lang='lat' dir='ltr'><strong>quod</strong></span> <span class='ocrx_word' id='word_1_136' title='bbox 804 1875 894 1939; x_wconf 85' lang='lat' dir='ltr'><strong>saepe</strong></span> <span class='ocrx_word' id='word_1_137' title='bbox 913 1859 1081 1919; x_wconf 72' lang='lat' dir='ltr'><strong>renitescit.</strong></span> 
     </span>
    </p>

    <p class='ocr_par' dir='ltr' id='par_1_11' title="bbox 206 1941 1172 2025">
     <span class='ocr_line' id='line_1_21' title="bbox 206 1941 1172 2025; baseline -0.005 -23"><span class='ocrx_word' id='word_1_138' title='bbox 206 1943 321 2020; x_wconf 80' lang='lat' dir='ltr'><strong>Rugum</strong></span> <span class='ocrx_word' id='word_1_139' title='bbox 338 1952 368 2002; x_wconf 88' lang='lat' dir='ltr'><strong>et</strong></span> <span class='ocrx_word' id='word_1_140' title='bbox 380 1944 493 2022; x_wconf 74' lang='lat' dir='ltr'><strong>pyram]</strong></span> <span class='ocrx_word' id='word_1_141' title='bbox 509 1960 581 2021; x_wconf 75' lang='lat' dir='ltr'><strong>pyra</strong></span> <span class='ocrx_word' id='word_1_142' title='bbox 597 1944 764 2021; x_wconf 78' lang='lat' dir='ltr'><strong>sacrificiis,</strong></span> <span class='ocrx_word' id='word_1_143' title='bbox 782 1959 872 2020; x_wconf 73' lang='lat' dir='ltr'><strong>rogus</strong></span> <span class='ocrx_word' id='word_1_144' title='bbox 885 1941 1040 2025; x_wconf 81' lang='lat' dir='ltr'><strong>defunctis.</strong></span> <span class='ocrx_word' id='word_1_145' title='bbox 1150 1958 1172 1997; x_wconf 81' lang='lat' dir='ltr'><strong>n</strong></span> 
     </span>
    </p>

    <p class='ocr_par' dir='ltr' id='par_1_12' title="bbox 126 2031 1220 2451">
     <span class='ocr_line' id='line_1_22' title="bbox 210 2031 1143 2120; baseline 0.003 -21"><span class='ocrx_word' id='word_1_146' title='bbox 210 2040 420 2117; x_wconf 86' lang='lat' dir='ltr'><strong>Sempiternum</strong></span> <span class='ocrx_word' id='word_1_147' title='bbox 449 2049 478 2100; x_wconf 91' lang='lat' dir='ltr'><strong>et</strong></span> <span class='ocrx_word' id='word_1_148' title='bbox 514 2042 697 2120; x_wconf 83' lang='lat' dir='ltr'><strong>perpetuum]</strong></span> <span class='ocrx_word' id='word_1_149' title='bbox 721 2038 853 2119; x_wconf 79' lang='lat' dir='ltr'><strong>Nigidius</strong></span> <span class='ocrx_word' id='word_1_150' title='bbox 868 2031 903 2099; x_wconf 58' lang='lat' dir='ltr'><strong>¹in‘</strong></span> <span class='ocrx_word' id='word_1_151' title='bbox 932 2040 1006 2100; x_wconf 90' lang='lat' dir='ltr'><strong>libro</strong></span> <span class='ocrx_word' id='word_1_152' title='bbox 1038 2050 1143 2120; x_wconf 87' lang='lat' dir='ltr'><strong>quarto</strong></span> 
     </span>
     <span class='ocr_line' id='line_1_23' title="bbox 126 2122 1142 2202; baseline -0.001 -15"><span class='ocrx_word' id='word_1_153' title='bbox 126 2125 199 2187; x_wconf 33' lang='lat' dir='ltr'><strong>rait:</strong></span> <span class='ocrx_word' id='word_1_154' title='bbox 231 2122 446 2199; x_wconf 79' lang='lat' dir='ltr'><strong>sempiternom</strong></span> <span class='ocrx_word' id='word_1_155' title='bbox 470 2124 678 2184; x_wconf 78' lang='lat' dir='ltr'><strong>inmortalium</strong></span> <span class='ocrx_word' id='word_1_156' title='bbox 707 2142 827 2199; x_wconf 73' lang='lat' dir='ltr'><strong>rmum,</strong></span> <span class='ocrx_word' id='word_1_157' title='bbox 855 2131 1035 2202; x_wconf 70' lang='lat' dir='ltr'><strong>perpensum</strong></span> <span class='ocrx_word' id='word_1_158' title='bbox 1060 2130 1142 2186; x_wconf 80' lang='lat' dir='ltr'><strong>mor·</strong></span> 
     </span>
     <span class='ocr_line' id='line_1_24' title="bbox 146 2204 1142 2288; baseline 0.006 -26"><span class='ocrx_word' id='word_1_159' title='bbox 146 2204 252 2263; x_wconf 81' lang='lat' dir='ltr'><strong>tatium</strong></span> <span class='ocrx_word' id='word_1_160' title='bbox 268 2210 333 2273; x_wconf 65' lang='grc' dir='ltr'><strong>σείς</strong></span> <span class='ocrx_word' id='word_1_161' title='bbox 354 2205 549 2282; x_wconf 80' lang='lat' dir='ltr'><strong>perpetuitas</strong></span> <span class='ocrx_word' id='word_1_162' title='bbox 569 2208 646 2267; x_wconf 83' lang='lat' dir='ltr'><strong>enim</strong></span> <span class='ocrx_word' id='word_1_163' title='bbox 667 2207 699 2266; x_wconf 84' lang='lat' dir='ltr'><strong>in</strong></span> <span class='ocrx_word' id='word_1_164' title='bbox 714 2214 824 2268; x_wconf 75' lang='lat' dir='ltr'><strong>nostm</strong></span> <span class='ocrx_word' id='word_1_165' title='bbox 845 2214 962 2267; x_wconf 79' lang='lat' dir='ltr'><strong>notura</strong></span> <span class='ocrx_word' id='word_1_166' title='bbox 981 2212 1039 2284; x_wconf 79' lang='lat' dir='ltr'><strong>est,</strong></span> <span class='ocrx_word' id='word_1_167' title='bbox 1061 2225 1142 2288; x_wconf 78' lang='lat' dir='ltr'><strong>quac</strong></span> 
     </span>
     <span class='ocr_line' id='line_1_25' title="bbox 144 2284 1140 2369; baseline 0.005 -22"><span class='ocrx_word' id='word_1_168' title='bbox 144 2286 267 2365; x_wconf 79' lang='lat' dir='ltr'><strong>perpeti</strong></span> <span class='ocrx_word' id='word_1_169' title='bbox 284 2284 458 2346; x_wconf 68' lang='lat' dir='ltr'><strong>accidentia</strong></span> <span class='ocrx_word' id='word_1_170' title='bbox 479 2295 597 2368; x_wconf 82' lang='lat' dir='ltr'><strong>potest,</strong></span> <span class='ocrx_word' id='word_1_171' title='bbox 624 2290 852 2369; x_wconf 77' lang='lat' dir='ltr'><strong>senpiternt&#39;tat</strong></span> <span class='ocrx_word' id='word_1_172' title='bbox 872 2290 992 2367; x_wconf 78' lang='lat' dir='ltr'><strong>infinito</strong></span> <span class='ocrx_word' id='word_1_173' title='bbox 1017 2298 1080 2367; x_wconf 81' lang='lat' dir='ltr'><strong>est,</strong></span> <span class='ocrx_word' id='word_1_174' title='bbox 1104 2309 1140 2352; x_wconf 90' lang='lat' dir='ltr'><strong>eo</strong></span> 
     </span>
     <span class='ocr_line' id='line_1_26' title="bbox 146 2369 1171 2451; baseline -0.002 -20"><span class='ocrx_word' id='word_1_175' title='bbox 146 2369 230 2451; x_wconf 82' lang='lat' dir='ltr'><strong>qood</strong></span> <span class='ocrx_word' id='word_1_176' title='bbox 243 2384 373 2449; x_wconf 81' lang='lat' dir='ltr'><strong>semper.</strong></span> <span class='ocrx_word' id='word_1_177' title='bbox 471 2376 474 2380; x_wconf 82' lang='lat'>&#39;</span> <span class='ocrx_word' id='word_1_178' title='bbox 830 2382 832 2385; x_wconf 88' lang='grc'><strong><em>·</em></strong></span> <span class='ocrx_word' id='word_1_179' title='bbox 881 2376 882 2382; x_wconf 78' lang='grc'>’</span> <span class='ocrx_word' id='word_1_180' title='bbox 1148 2400 1171 2439; x_wconf 73' lang='lat' dir='ltr'><strong>c</strong></span> 
     </span>
    </p>

    <p class='ocr_par' dir='ltr' id='par_1_13' title="bbox 142 2453 1219 2703">
     <span class='ocr_line' id='line_1_27' title="bbox 209 2453 1139 2533; baseline 0.003 -19"><span class='ocrx_word' id='word_1_181' title='bbox 209 2454 345 2514; x_wconf 89' lang='lat' dir='ltr'><strong>Sedulnm</strong></span> <span class='ocrx_word' id='word_1_182' title='bbox 358 2460 388 2512; x_wconf 87' lang='lat' dir='ltr'><strong>et</strong></span> <span class='ocrx_word' id='word_1_183' title='bbox 405 2453 523 2532; x_wconf 81' lang='lat' dir='ltr'><strong>serium]</strong></span> <span class='ocrx_word' id='word_1_184' title='bbox 538 2453 655 2515; x_wconf 88' lang='lat' dir='ltr'><strong>sedulus</strong></span> <span class='ocrx_word' id='word_1_185' title='bbox 670 2455 817 2517; x_wconf 64' lang='lat' dir='ltr'><strong>sine&#39;doio</strong></span> <span class='ocrx_word' id='word_1_186' title='bbox 832 2464 918 2515; x_wconf 89' lang='lat' dir='ltr'><strong>estet</strong></span> <span class='ocrx_word' id='word_1_187' title='bbox 934 2464 1078 2533; x_wconf 84' lang='lat' dir='ltr'><strong>strenuus,</strong></span> <span class='ocrx_word' id='word_1_188' title='bbox 1093 2473 1139 2517; x_wconf 88' lang='lat' dir='ltr'><strong>se·</strong></span> 
     </span>
     <span class='ocr_line' id='line_1_28' title="bbox 144 2538 1219 2616; baseline 0 -18"><span class='ocrx_word' id='word_1_189' title='bbox 144 2541 203 2598; x_wconf 88' lang='lat' dir='ltr'><strong>rius</strong></span> <span class='ocrx_word' id='word_1_190' title='bbox 219 2539 300 2616; x_wconf 90' lang='lat' dir='ltr'><strong>quasi</strong></span> <span class='ocrx_word' id='word_1_191' title='bbox 318 2554 439 2597; x_wconf 83' lang='lat' dir='ltr'><strong>seuerus</strong></span> <span class='ocrx_word' id='word_1_192' title='bbox 454 2543 482 2596; x_wconf 89' lang='lat' dir='ltr'><strong>et</strong></span> <span class='ocrx_word' id='word_1_193' title='bbox 498 2554 599 2615; x_wconf 88' lang='lat' dir='ltr'><strong>asper;</strong></span> <span class='ocrx_word' id='word_1_194' title='bbox 621 2540 713 2598; x_wconf 87' lang='lat' dir='ltr'><strong>serias</strong></span> <span class='ocrx_word' id='word_1_195' title='bbox 728 2540 812 2599; x_wconf 84' lang='lat' dir='ltr'><strong>etiam</strong></span> <span class='ocrx_word' id='word_1_196' title='bbox 827 2538 923 2599; x_wconf 81' lang='lat' dir='ltr'><strong>dictas</strong></span> <span class='ocrx_word' id='word_1_197' title='bbox 932 2557 980 2599; x_wconf 89' lang='lat' dir='ltr'><strong>res</strong></span> <span class='ocrx_word' id='word_1_198' title='bbox 1002 2557 1018 2599; x_wconf 89' lang='lat' dir='ltr'><strong>a</strong></span> <span class='ocrx_word' id='word_1_199' title='bbox 1034 2538 1139 2599; x_wconf 90' lang='lat' dir='ltr'><strong>barba·</strong></span> <span class='ocrx_word' id='word_1_200' title='bbox 1217 2562 1219 2575; x_wconf 86' lang='grc'><strong><em>·</em></strong></span> 
     </span>
     <span class='ocr_line' id='line_1_29' title="bbox 142 2619 962 2703; baseline -0.002 -21"><span class='ocrx_word' id='word_1_201' title='bbox 142 2625 184 2682; x_wconf 87' lang='lat' dir='ltr'><strong>ris</strong></span> <span class='ocrx_word' id='word_1_202' title='bbox 204 2623 253 2703; x_wconf 93' lang='lat' dir='ltr'><strong>qui</strong></span> <span class='ocrx_word' id='word_1_203' title='bbox 269 2622 357 2687; x_wconf 84' lang='lat' dir='ltr'><strong>Seres</strong></span> <span class='ocrx_word' id='word_1_204' title='bbox 372 2619 564 2701; x_wconf 88' lang='lat' dir='ltr'><strong>appellantur,</strong></span> <span class='ocrx_word' id='word_1_205' title='bbox 580 2623 731 2699; x_wconf 76' lang='lat' dir='ltr'><strong>asperrimi</strong></span> <span class='ocrx_word' id='word_1_206' title='bbox 749 2632 778 2682; x_wconf 90' lang='lat' dir='ltr'><strong>et</strong></span> <span class='ocrx_word' id='word_1_207' title='bbox 793 2624 962 2683; x_wconf 87' lang='lat' dir='ltr'><strong>austerrimi.</strong></span> 
     </span>
    </p>
   </div>
   <div class='ocr_carea' id='block_1_3' title="bbox 141 2716 1219 3294">
    <p class='ocr_par' dir='ltr' id='par_1_14' title="bbox 143 2716 1219 3129">
     <span class='ocr_line' id='line_1_30' title="bbox 206 2716 1140 2796; baseline -0.001 -18"><span class='ocrx_word' id='word_1_208' title='bbox 206 2718 386 2780; x_wconf 88' lang='lat' dir='ltr'><strong>Sceleratum</strong></span> <span class='ocrx_word' id='word_1_209' title='bbox 401 2716 581 2795; x_wconf 84' lang='lat' dir='ltr'><strong>scelerosam</strong></span> <span class='ocrx_word' id='word_1_210' title='bbox 596 2726 626 2776; x_wconf 87' lang='lat' dir='ltr'><strong>et</strong></span> <span class='ocrx_word' id='word_1_211' title='bbox 641 2717 796 2778; x_wconf 87' lang='lat' dir='ltr'><strong>scelestum</strong></span> <span class='ocrx_word' id='word_1_212' title='bbox 812 2717 961 2796; x_wconf 83' lang='lat' dir='ltr'><strong>iddiiiertJ</strong></span> <span class='ocrx_word' id='word_1_213' title='bbox 973 2716 1140 2777; x_wconf 86' lang='lat' dir='ltr'><strong>sceleratus</strong></span> 
     </span>
     <span class='ocr_line' id='line_1_31' title="bbox 144 2800 1219 2880; baseline -0.007 -19"><span class='ocrx_word' id='word_1_214' title='bbox 144 2809 189 2861; x_wconf 87' lang='lat' dir='ltr'><strong>est</strong></span> <span class='ocrx_word' id='word_1_215' title='bbox 211 2819 264 2861; x_wconf 92' lang='lat' dir='ltr'><strong>sno</strong></span> <span class='ocrx_word' id='word_1_216' title='bbox 286 2802 382 2880; x_wconf 86' lang='lat' dir='ltr'><strong>aliquo</strong></span> <span class='ocrx_word' id='word_1_217' title='bbox 407 2800 522 2862; x_wconf 85' lang='lat' dir='ltr'><strong>scelere</strong></span> <span class='ocrx_word' id='word_1_218' title='bbox 535 2803 752 2861; x_wconf 50' lang='lat' dir='ltr'><strong>scontaminatus</strong></span> <span class='ocrx_word' id='word_1_219' title='bbox 770 2801 818 2862; x_wconf 86' lang='lat' dir='ltr'><strong>vel</strong></span> <span class='ocrx_word' id='word_1_220' title='bbox 840 2801 935 2879; x_wconf 89' lang='lat' dir='ltr'><strong>aliqua</strong></span> <span class='ocrx_word' id='word_1_221' title='bbox 958 2803 1170 2879; x_wconf 69' lang='lat' dir='ltr'><strong>contagionem</strong></span> <span class='ocrx_word' id='word_1_222' title='bbox 1218 2842 1219 2877; x_wconf 41' lang='lat' dir='ltr'><strong>q</strong></span> 
     </span>
     <span class='ocr_line' id='line_1_32' title="bbox 144 2880 1219 2961; baseline 0.002 -20"><span class='ocrx_word' id='word_1_223' title='bbox 144 2882 271 2960; x_wconf 89' lang='lat' dir='ltr'><strong>poiiutus</strong></span> <span class='ocrx_word' id='word_1_224' title='bbox 294 2893 323 2943; x_wconf 89' lang='lat' dir='ltr'><strong>et</strong></span> <span class='ocrx_word' id='word_1_225' title='bbox 342 2884 467 2955; x_wconf 88' lang='lat' dir='ltr'><strong>iniamis;</strong></span> <span class='ocrx_word' id='word_1_226' title='bbox 491 2884 639 2945; x_wconf 81' lang='lat' dir='ltr'><strong>scelestae</strong></span> <span class='ocrx_word' id='word_1_227' title='bbox 658 2894 753 2943; x_wconf 86' lang='lat' dir='ltr'><strong>autem</strong></span> <span class='ocrx_word' id='word_1_228' title='bbox 775 2880 916 2945; x_wconf 83' lang='lat' dir='ltr'><strong>scelernm</strong></span> <span class='ocrx_word' id='word_1_229' title='bbox 931 2884 1088 2961; x_wconf 72' lang='lat' dir='ltr'><strong>‘cogitator</strong></span> <span class='ocrx_word' id='word_1_230' title='bbox 1111 2894 1141 2944; x_wconf 86' lang='lat' dir='ltr'><strong>et</strong></span> <span class='ocrx_word' id='word_1_231' title='bbox 1218 2880 1219 2887; x_wconf 40' lang='lat'>³</span> 
     </span>
     <span class='ocr_line' id='line_1_33' title="bbox 145 2966 1139 3046; baseline 0 -19"><span class='ocrx_word' id='word_1_232' title='bbox 145 2968 319 3034; x_wconf 89' lang='lat' dir='ltr'><strong>conmissor;</strong></span> <span class='ocrx_word' id='word_1_233' title='bbox 347 2968 514 3029; x_wconf 83' lang='lat' dir='ltr'><strong>scelerosus</strong></span> <span class='ocrx_word' id='word_1_234' title='bbox 541 2984 629 3044; x_wconf 85' lang='lat' dir='ltr'><strong>vero,</strong></span> <span class='ocrx_word' id='word_1_235' title='bbox 655 2970 737 3045; x_wconf 87' lang='lat' dir='ltr'><strong>quasi</strong></span> <span class='ocrx_word' id='word_1_236' title='bbox 765 2966 919 3028; x_wconf 88' lang='lat' dir='ltr'><strong>insidiosus</strong></span> <span class='ocrx_word' id='word_1_237' title='bbox 940 2968 1139 3046; x_wconf 89' lang='lat' dir='ltr'><strong>periculosus,</strong></span> 
     </span>
     <span class='ocr_line' id='line_1_34' title="bbox 143 3049 1017 3129; baseline 0 -19"><span class='ocrx_word' id='word_1_238' title='bbox 143 3057 264 3129; x_wconf 88' lang='lat' dir='ltr'><strong>propter</strong></span> <span class='ocrx_word' id='word_1_239' title='bbox 278 3049 472 3112; x_wconf 73' lang='lat' dir='ltr'><strong>assiduitatem</strong></span> <span class='ocrx_word' id='word_1_240' title='bbox 487 3052 639 3112; x_wconf 84' lang='lat' dir='ltr'><strong>socierum.</strong></span> <span class='ocrx_word' id='word_1_241' title='bbox 1012 3072 1017 3082; x_wconf 96' lang='lat'>·</span> 
     </span>
    </p>

    <p class='ocr_par' dir='ltr' id='par_1_15' title="bbox 141 3132 1168 3294">
     <span class='ocr_line' id='line_1_35' title="bbox 206 3132 1138 3214; baseline -0.002 -21"><span class='ocrx_word' id='word_1_242' title='bbox 206 3133 300 3193; x_wconf 87' lang='lat' dir='ltr'><strong>Silere</strong></span> <span class='ocrx_word' id='word_1_243' title='bbox 315 3141 344 3191; x_wconf 92' lang='lat' dir='ltr'><strong>et</strong></span> <span class='ocrx_word' id='word_1_244' title='bbox 357 3136 469 3212; x_wconf 83' lang='lat' dir='ltr'><strong>tacere]</strong></span> <span class='ocrx_word' id='word_1_245' title='bbox 488 3137 536 3214; x_wconf 92' lang='lat' dir='ltr'><strong>qui</strong></span> <span class='ocrx_word' id='word_1_246' title='bbox 556 3135 623 3195; x_wconf 88' lang='lat' dir='ltr'><strong>silet</strong></span> <span class='ocrx_word' id='word_1_247' title='bbox 638 3132 741 3193; x_wconf 89' lang='lat' dir='ltr'><strong>desinit</strong></span> <span class='ocrx_word' id='word_1_248' title='bbox 763 3132 861 3213; x_wconf 89' lang='lat' dir='ltr'><strong>loqui,</strong></span> <span class='ocrx_word' id='word_1_249' title='bbox 883 3138 960 3193; x_wconf 85' lang='lat' dir='ltr'><strong>tacet</strong></span> <span class='ocrx_word' id='word_1_250' title='bbox 975 3142 1073 3196; x_wconf 88' lang='lat' dir='ltr'><strong>autem</strong></span> <span class='ocrx_word' id='word_1_251' title='bbox 1088 3134 1138 3211; x_wconf 91' lang='lat' dir='ltr'><strong>qui</strong></span> 
     </span>
     <span class='ocr_line' id='line_1_36' title="bbox 141 3215 1168 3294; baseline -0.007 -17"><span class='ocrx_word' id='word_1_252' title='bbox 141 3216 265 3277; x_wconf 88' lang='lat' dir='ltr'><strong>nondum</strong></span> <span class='ocrx_word' id='word_1_253' title='bbox 281 3215 389 3294; x_wconf 84' lang='lat' dir='ltr'><strong>coepit.</strong></span> <span class='ocrx_word' id='word_1_254' title='bbox 580 3274 586 3283; x_wconf 77' lang='grc'><strong>,</strong></span> <span class='ocrx_word' id='word_1_255' title='bbox 1146 3244 1168 3285; x_wconf 63' lang='lat'><strong>³5</strong></span> 
     </span>
    </p>
   </div>
   <div class='ocr_carea' id='block_1_4' title="bbox 142 3313 1218 3477">
    <p class='ocr_par' dir='ltr' id='par_1_16' title="bbox 142 3313 1218 3477">
     <span class='ocr_line' id='line_1_37' title="bbox 201 3313 1135 3401; baseline 0.002 -26"><span class='ocrx_word' id='word_1_256' title='bbox 201 3313 358 3394; x_wconf 66' lang='lat' dir='ltr'><strong>Consequi,</strong></span> <span class='ocrx_word' id='word_1_257' title='bbox 379 3317 507 3395; x_wconf 83' lang='lat' dir='ltr'><strong>assequi,</strong></span> <span class='ocrx_word' id='word_1_258' title='bbox 530 3316 655 3397; x_wconf 83' lang='lat' dir='ltr'><strong>insequi]</strong></span> <span class='ocrx_word' id='word_1_259' title='bbox 679 3316 881 3395; x_wconf 83' lang='lat' dir='ltr'><strong>consequimur</strong></span> <span class='ocrx_word' id='word_1_260' title='bbox 896 3314 1135 3401; x_wconf 76' lang='lat' dir='ltr'><strong>praecedentem,</strong></span> 
     </span>
     <span class='ocr_line' id='line_1_38' title="bbox 142 3396 1218 3477; baseline -0.003 -14"><span class='ocrx_word' id='word_1_261' title='bbox 142 3400 320 3475; x_wconf 68' lang='lat' dir='ltr'><strong>assequimur</strong></span> <span class='ocrx_word' id='word_1_262' title='bbox 335 3396 448 3476; x_wconf 88' lang='lat' dir='ltr'><strong>studio,</strong></span> <span class='ocrx_word' id='word_1_263' title='bbox 462 3399 635 3477; x_wconf 89' lang='lat' dir='ltr'><strong>insequimur</strong></span> <span class='ocrx_word' id='word_1_264' title='bbox 649 3399 799 3471; x_wconf 85' lang='lat' dir='ltr'><strong>inimicum.</strong></span> <span class='ocrx_word' id='word_1_265' title='bbox 1217 3398 1218 3426; x_wconf 72' lang='lat'>³</span> 
     </span>
    </p>
   </div>
   <div class='ocr_carea' id='block_1_5' title="bbox 0 0 1242 3775">
    <p class='ocr_par' dir='ltr' id='par_1_17' title="bbox 0 0 1242 3775">
     <span class='ocr_line' id='line_1_39' title="bbox 0 0 1242 3775; baseline 0 2"><span class='ocrx_word' id='word_1_266' title='bbox 0 0 1242 3775; x_wconf 95' lang='lat' dir='ltr'><strong> </strong></span> 
     </span>
    </p>
   </div>
  </div>
 </body>
</html>
