2475 3775
484 157 712 231 communes,
753 148 757 153 ’
1038 125 1128 246 341,

107 309 374 388 nullamhabuisse,
396 319 552 389 persancte
567 311 690 395 Domitia
704 313 832 376 iurabat:
854 316 928 376 haud
948 330 1099 399 negatura,
1167 353 1170 358 ·

107 397 200 472 siqua
213 397 329 454 omnino
345 395 458 470 fuisset,
476 397 562 454 irnmo
581 397 666 457 etiam
679 397 847 476 gloriatura,
864 399 941 480 quod
952 402 1099 482 illiprom·
1186 453 1191 464 .
1223 421 1224 473 ζ

105 479 260 558 ptissimum
275 489 339 539 erat
352 480 382 538 in
395 477 526 538 omnihus
541 478 667 557 probris.
808 481 809 484 ’
1024 477 1057 552 ’,
1139 485 1141 494 “

166 561 304 625 Excessit
324 564 352 621 in
371 563 473 622 eadem
494 574 550 642 qua
569 558 655 642 pater
669 565 737 643 uilla
755 564 798 626 ld.
818 565 919 646 Septb.
935 578 1003 648 post
1018 569 1098 630 bien·
1106 575 1139 630 11

78 647 178 705 onium
196 663 236 706 ac⁴
248 663 365 706 menses
387 646 460 706 duos
482 645 603 724 diesque
623 644 688 712 XX.
709 667 791 728 mam
812 662 997 712 successerat
1012 656 1098 734 patri,

102 729 195 790 altero
211 738 240 789 et
257 729 479 808 quadragesimo
498 730 602 790 aetatis
619 749 705 792 anno.
739 734 823 809 Quod
837 744 868 794 ut
883 736 978 814 palam
992 736 1099 799 iactum
1151 807 1154 814 Ι
1176 779 1181 793 .

103 823 157 889 est,
173 831 232 873 non
247 831 334 876 secus
348 824 436 894 atque
451 815 481 874 iu
497 813 659 875 domestico
677 815 756 876 luctu
765 818 966 880 'maerentibus
981 821 1099 899 publice

103 899 229 974 cuncus,
250 906 367 958 senatus
386 899 466 976 prius
487 916 574 977 quana
592 897 688 960 edicto
710 912 922 964 convocaretur
938 903 974 964 ad
992 907 1099 966 curiam
1123 935 1127 944 .

102 983 258 1058 concurrit,
276 980 477 1062 obseratisque
490 982 584 1044 adbuc
597 983 724 1062 loribus,
740 985 844 1046 deinde
859 989 984 1066 apertis,
1004 999 1099 1050 tantas
1186 1021 1190 1028 ,

68 1073 210 1126 romortuo
226 1066 336 1146 gratim
351 1067 412 1144 egit
427 1065 585 1146 laudesque
600 1071 760 1146 congessit,
778 1080 945 1149 quantaene
957 1073 1025 1150 vivo
1038 1073 1098 1154 qui·

100 1149 163 1209 dem
177 1167 310 1229 umquam
326 1159 412 1229 atque
429 1152 586 1230 praesenti.
1063 1203 1064 1206 ,
1110 1181 1113 1192 ν

16 552 31 590 Ι

504 1430 706 1442 ..α--ι-ι--η

362 1697 365 1699 Δ
458 1639 731 1728 uonrr'mnus.
809 1667 811 1672 ’

157 1827 337 1889 Domitianus
359 1833 442 1884 notus
467 1835 513 1886 est
533 1826 627 1892 viiii.
649 1827 695 1889 Kl.
709 1827 853 1889 Novemh.
876 1835 960 1907 patre
977 1826 1123 1899 consalel

95 1913 249 2004 designato
267 1912 430 1987 inituroque
444 1927 544 1970 meuse
558 1912 721 1994 insequenti
738 1913 896 1989 honorem,
913 1913 1037 1989 regione
1050 1929 1097 1971 ur·

95 1997 142 2056 bis
157 2004 240 2055 sexta
252 1995 288 2056 ad
301 1993 407 2056 bialum
420 1991 569 2073 Punicum,
587 1995 674 2059 domo
690 2014 774 2075 quarn
789 2004 893 2075 postea
911 1996 941 2056 in
960 1993 1098 2073 templum
1216 2046 1224 2061 .

61 2082 192 2158 regentis
206 2079 326 2140 Flaviae
341 2080 493 2138 convertit.
524 2077 688 2141 Pubertatis
702 2100 735 2141 ac
750 2083 859 2161 primae
881 2079 1103 2141 adulescentiae·
1160 2102 1162 2109 ’
1211 2126 1224 2138 „

94 2174 207 2243 tempus
223 2172 301 2225 tauta
315 2164 420 2241 inopia‘
430 2170 567 2241 tantaque
583 2164 699 2236 infamia
713 2167 844 2244 gessisse
859 2164 966 2241 fertur,
982 2164 1018 2224 'ut
1035 2164 1097 2225 nul·

75 2248 153 2308 lum
172 2256 342 2325 argenteum
363 2264 416 2306 vas
436 2248 466 2307 in
486 2263 540 2305 usu
559 2242 691 2311 haberet.
743 2250 877 2328 Satisque
899 2254 1012 2311 consttat
1028 2245 1095 2308 Glo-

93 2330 171 2390 diom
184 2329 346 2395 Pollionem
359 2332 537 2414 praetorium
552 2334 654 2410 virum,
668 2334 701 2411 in
717 2348 802 2412 quem
817 2341 867 2413 cst¹
881 2350 988 2413 poema
1002 2330 1095 2391 Nero·
1149 2352 1150 2362 ¹

92 2416 143 2473 nis
155 2414 233 2492 quod
248 2413 414 2478 inscribitur
427 2414 553 2493 Luscio,
570 2416 796 2495 chirographum
817 2419 879 2477 eius
901 2430 1097 2484 conservasse

56 2506 131 2557 met
144 2514 353 2576 nonnumquam
373 2498 531 2576 protulisse
553 2510 670 2560 noctem
692 2500 746 2560 sibi
769 2500 949 2580 pollicentis;
971 2513 1026 2557 nec
1047 2494 1099 2562 tc,
1198 2570 1200 2580 ,

92 2582 207 2643 luerunt
228 2582 278 2659 qui
302 2581 493 2656 affirmarent,
516 2593 682 2661 corruptum
698 2583 890 2645 Domitianum
911 2590 941 2639 et
962 2598 978 2639 a
999 2578 1096 2638 Nerva

91 2681 269 2725 successore
288 2681 358 2723 mox
378 2681 442 2722 suo.
473 2663 572 2723 ¹bello
593 2665 753 2726 Vitelliano
773 2664 904 2741 confugit
926 2664 955 2722 in
978 2659 1095 2741 Capito·

92 2749 162 2810 liurn
178 2765 241 2807 cum
257 2753 361 2824 patruo
377 2745 485 2806 Sabino
501 2764 537 2805 ac
553 2758 636 2825 parte
651 2749 845 2827 praesentium
862 2748 1025 2825 copiarum,
1043 2744 1104 2819 sed,
1126 2792 1129 2801 ,

91 2828 318 2910 irrumpentibus
334 2828 510 2890 adversariis
525 2839 555 2889 ot
574 2832 694 2892 ardente
720 2831 831 2909 templo
856 2830 931 2909 apud
952 2829 1095 2893 aedituum
1129 2894 1131 2901 ¹

56 2929 82 2968 ²⁵
93 2917 170 2977 clam
184 2914 379 2993 pernoctavit,
395 2930 430 2973 ac
444 2931 527 2973 mane
542 2912 630 2975 Isiaci
651 2916 763 2976 celatus
784 2914 881 2976 habitu
902 2917 1034 2994 interque
1050 2932 1099 2991 sa·⁸

93 2998 243 3061 criticulos
258 3014 351 3057 vanae
367 2997 593 3082 superstitionis,
612 3018 676 3063 cum
690 3018 723 3060 se
740 3007 819 3060 trans
832 2998 957 3059 Tiberim
968 2998 1006 3059 ad
1025 3016 1101 3085 con-r

90 3083 229 3161 discipuli
243 3081 286 3141 sai
296 3089 423 3159 ⁸matrem
440 3082 545 3142 comite
555 3102 614 3145 uno
628 3078 807 3161 contulisset,
822 3085 860 3142 ita
872 3081 1002 3161 latuitut
1014 3098 1103 3145 seru-1

89 3168 219 3228 tantibus
234 3168 282 3245 qui
299 3166 424 3243 vestigia
438 3163 586 3228 subsecuti
601 3176 699 3246 erant,
721 3165 899 3247 deprehendi
922 3184 979 3227 non
991 3174 1092 3243 potue-
1139 3193 1160 3210 ν

89 3253 139 3310 rit.
173 3250 254 3311 -Post
268 3250 417 3322 victoriam
431 3249 542 3311 demam
557 3270 734 3332 progressus
755 3261 784 3313 et
800 3248 909 3313 Caesar
932 3246 1102 3327 consaluta-⁸

53 3344 148 3412 sotus,
164 3334 305 3399 honorem
323 3342 477 3412 praeturae
492 3335 621 3398 urbanae
639 3338 784 3399 consulari
798 3340 944 3415 potestate
964 3331 1094 3408 suscepit

89 3420 177 3480 titulo
209 3428 311 3495 tenus,
327 3420 415 3499 (uam
434 3418 506 3478 iuris
523 3420 678 3483 dictionem
704 3421 740 3484 nd
764 3415 1093 3560 collegamssproximom

74 3562 78 3567 .
145 3526 304 3573 susromus,
827 3506 832 3569 ζ
885 3503 898 3559 1
935 3550 939 3557 .
