2475 3775
477 185 685 238 saturnum.
886 188 1022 235 LXXXIX

121 359 298 424 opportunus
316 352 409 408 evenit
426 349 586 422 Tranquillo
602 351 648 404 vel
667 346 749 403 nobis
768 348 852 403 uitam
866 365 894 420 p.
911 355 978 418 300,
995 354 1030 408 29

121 437 240 492 relatam
261 437 288 490 ei
309 435 416 491 auctori
434 433 638 491 adserentibus.
683 432 868 500 Hieronymus
890 432 962 486 eninr
980 433 1028 487 ad-

121 537 223 576 uersus
243 519 417 590 Scaligerum
435 517 625 574 casaubonum
642 516 804 575 salmasium
817 515 964 584 voseium,
983 516 1029 586 qui

122 605 158 658 ab
175 603 305 674 imperito
320 603 431 658 homine
447 595 561 658 saeculo
577 600 613 654 Vl
629 599 704 655 illam
723 600 806 655 vitam
821 600 951 669 scriptam
966 599 1029 670 opi-

120 688 180 743 nati
197 691 269 755 suut,
290 703 342 760 pro
356 686 517 758 Tranquillo
534 699 656 755 sponsor
670 684 866 755 producendus
880 682 930 738 est.
956 691 959 695 ’
976 681 1028 748 Qui

121 772 179 826 nis'i
200 769 272 844 apud
289 771 390 825 bonum
411 770 530 839 aliquem
547 774 687 823 auctorem
709 767 864 823 invenisset
885 767 1028 838 scriptum,

120 855 239 910 Plinium
271 851 425 908 Secundum
451 852 688 908 Novocomensem
718 851 880 921 historicum
909 850 1029 924 perisse,

122 939 186 994 dum
197 939 304 993 viseret
320 937 482 992 Vesuvium:
507 942 583 1004 certe
603 935 632 989 in
649 936 710 990 eius
726 935 800 990 modi
815 933 984 990 oblivionem
1001 939 1029 988 et

121 1022 387 1077 inconsiderantiam
402 1037 456 1076 non
471 1019 646 1087 incurrisset,
660 1019 740 1074 ut'ad
754 1023 823 1078 alb
835 1023 955 1073 montena
970 1017 1026 1072 Va-

122 1106 231 1160 suvium
253 1105 390 1160 scriberet
406 1104 539 1174 regiones
556 1103 663 1158 vicinae
683 1109 711 1157 et
723 1103 809 1158 nrbes
830 1118 890 1157 cum
907 1101 1027 1157 bomini-

120 1189 174 1244 bus
191 1189 345 1256 exussisse,
364 1194 391 1242 et
406 1187 480 1243 XXX
498 1187 577 1242 annis
596 1193 661 1257 post
677 1203 757 1241 unum
769 1187 803 1241 de
819 1186 856 1241 iis
869 1184 1027 1240 hominibus

122 1271 250 1327 traderet
265 1272 403 1341 insignem
424 1270 546 1325 habitum
565 1285 629 1324 esse
645 1270 817 1325 historicum.
863 1269 958 1323 Deleri
975 1283 1027 1324 vo-

122 1356 183 1409 lunt
198 1357 283 1411 verba
299 1354 401 1425 ‘periit
415 1354 477 1408 dum
493 1354 558 1408 visit
571 1353 738 1408 Vesuvium'
755 1355 789 1408 ab
805 1353 932 1407 omnibus
946 1351 1028 1407 libris

123 1439 404 1509 chronographisque
418 1444 538 1505 servata,
556 1435 605 1492 sed
622 1454 656 1491 ne
672 1434 861 1492 ‘historiens'
874 1435 1028 1505 quidemin

122 1523 257 1576 minorem
280 1511 395 1576 Plinium
418 1515 600 1594 conveniri).
644 1522 717 1576 Falsi
738 1525 857 1591 arguunt
878 1520 906 1573 in
921 1518 1027 1573 maiore

122 1603 396 1663 ‘Novocomenecm'
419 1606 551 1676 patriam,
579 1605 629 1660 sed
642 1605 772 1660 Veronae
797 1619 864 1659 suae
883 1608 1027 1668 auctorem

123 1705 180 1743 non
204 1690 307 1744 habent
330 1695 376 1742 aut
397 1689 578 1743 vetustiorem
601 1695 648 1742 aut
670 1688 818 1744 certiorem
839 1685 1026 1742 ldaneionario

122 1772 290 1827 Veronensi
336 1773 445 1827 Manent
464 1766 557 1842 igitur
575 1772 675 1826 verbis
699 1773 734 1826 ab
757 1771 928 1838 Hieronymo
959 1777 1027 1822 tanr-

124 1873 205 1927 quam
229 1855 317 1913 invito
335 1855 435 1928 positis
457 1871 506 1925 sua
517 1856 693 1912 auctoritas.
736 1854 775 1909 At
790 1869 870 1925 quem
887 1857 1027 1908 auctorem

123 1940 160 1996 dc
176 1940 248 1995 vitis
270 1936 421 1995 illustrium
436 1940 559 1995 virorum
578 1936 679 1993 babuit
693 1944 806 2009 praeter
814 1927 1029 2006 Tranquillum?

189 2024 244 2079 Sed
261 2030 290 2077 ut
306 2024 444 2079 mittemus
459 2023 671 2091 Hieronymum,
695 2022 757 2093 ipsa
774 2021 855 2076 Plinii
880 2020 936 2074 vita
959 2018 1027 2073 nibil

124 2124 193 2163 sane
214 2108 300 2163 habet
316 2120 370 2178 quo
388 2107 550 2162 Suetonium
572 2112 714 2162 auctorem
736 2111 895 2177 suspectum
917 2103 1025 2157 reddat.

122 2191 278 2262 lnscriptus
308 2198 351 2245 eet
375 2191 470 2245 titulus
497 2190 557 2244 ‘Ex
581 2190 712 2260 catalogo
732 2190 853 2245 virorum
878 2186 1027 2242 illustrium
1121 2247 1124 2252 y

124 2272 297 2345 'tranquilli’
319 2280 366 2330 aut
384 2274 553 2329 ‘Suetonius
570 2273 746 2344 Tranquillas
762 2274 791 2327 in
809 2273 885 2327 libro
902 2271 936 2325 de
955 2270 1027 2324 atria

124 2358 312 2427 illustribus’,
328 2357 468 2429 reperitur
485 2358 512 2411 in
527 2358 619 2412 multis
636 2358 780 2412 codicibus
799 2362 827 2410 at
842 2355 886 2409 vel
903 2353 1024 2409 saeclll

124 2441 256 2513 scriptis,
277 2441 346 2495 nihil
362 2441 436 2496 inest
451 2447 547 2512 aperte
563 2440 662 2496 falsum
678 2447 724 2495 aut
740 2442 876 2511 ineptum,
894 2437 1026 2493 nonnulla

123 2522 226 2579 tamin
245 2524 384 2596 principio
402 2540 480 2596 quam
502 2526 530 2579 in
550 2526 603 2579 line
620 2525 735 2596 propria
757 2530 872 2580 santae
894 2536 1026 2590 nusquam

124 2608 193 2665 alibi
211 2609 331 2679 scripta,
347 2608 467 2678 danique
481 2622 573 2663 sermo
589 2611 643 2661 noa
660 2610 801 2662 abhorret
846 2606 880 2659 Et
894 2603 1026 2659 debuisse

123 2692 246 2762 utique
238 2706 266 2747 m
285 2690 443 2747 lllustribus
459 2690 547 2745 viris
545 2691 643 2744 locum
659 2690 747 2791 Plinio
764 2688 920 2758 assignari,
940 2684 1026 2739 nemi-

124 2760 322 2847 nemlatctP).

125 2904 325 2913 ..n———n—

88 3018 91 3023 r
193 2966 240 3030 85)
250 2970 314 3018 Eum
326 2986 425 3035 quoque
435 2970 581 3019 historicum
593 2967 674 3018 luisse
686 2970 857 3017 demonstrare
868 2967 920 3016 vult
929 2966 1028 3016 Vallar-

123 3040 179 3087 sius
193 3038 226 3086 ad
238 3053 294 3087 eum
308 3040 391 3088 locum
411 3037 527 3087 chronici.
565 3038 682 3088 Ceterum
698 3051 761 3100 quoe
775 3036 874 3085 codices
889 3036 955 3085 idem
967 3036 1028 3084 Val-

122 3106 217 3155 larsius
230 3106 322 3157 liberos
331 3122 387 3157 esse
397 3108 431 3156 ait
444 3104 612 3155 additamento
631 3106 682 3165 illo,
697 3104 764 3168 quod
776 3111 812 3152 est
822 3103 853 3153 de
859 3104 978 3164 Vesuvio,
996 3105 1029 3152 ti·

122 3188 181 3225 meo
200 3188 232 3223 ne
245 3177 345 3226 saeculo
358 3175 414 3226 XV.
428 3189 478 3224 non
497 3176 649 3225 vetustiores
664 3176 722 3224 sint.

195 3239 242 3305 86)
266 3245 390 3293 lntellexit
410 3244 459 3293 hoc
481 3244 647 3293 casaubonus
670 3257 783 3305 quoque,
806 3242 852 3291 sed
876 3243 939 3290 mira
961 3241 1029 3289 iudi·

123 3312 201 3361 candi
219 3314 386 3381 perversitate
404 3314 523 3379 vitamp.
539 3310 600 3370 301,
618 3312 769 3376 opositam,
789 3324 863 3373 quam
883 3308 1026 3358 Mansiona-
1054 3342 1057 3349 -

124 3380 179 3428 rius
198 3376 242 3429 ille¹
263 3378 444 3430 eSuetoniana
458 3390 482 3430 et
493 3380 566 3431 Plinii
582 3380 696 3445 epistolis
714 3378 738 3437 3,
750 3380 774 3428 5.
793 3379 818 3439 6,
832 3378 863 3429 16
881 3387 905 3426 et
919 3378 972 3426 suis
987 3377 1028 3423 in·
1115 3445 1118 3448 Ι

124 3449 201 3513 eptiis
221 3449 394 3510 concinnavit,
415 3450 573 3498 vetustiorem
595 3449 756 3498 existimavit.
