2475 3775
529 123 554 178 Ἃ
585 132 689 184 uano.
1073 128 1129 190 181
1180 115 1184 128 '

135 306 229 368 neque
246 306 281 348 eo
298 289 387 348 setius
404 296 560 347 coronatas
575 296 629 347 est.
657 287 813 349 Decedens
828 288 931 352 deinde
950 294 1131 370 provinciam
1161 317 1163 323 ·

83 371 87 374 ’
135 376 297 451 uniuersam
311 372 445 433 libertate
460 371 587 448 donarit,
601 372 741 452 simulque
753 370 864 433 iudices
878 377 991 436 civitate
1001 377 1129 439 Romana

10 533 11 536 Ἴ
120 467 165 520 aa
179 458 302 536 pecnnia
316 455 428 534 grandi.
472 455 554 530 Quae
571 456 714 520 beneficia
735 475 752 516 e
773 456 868 517 medio
891 459 983 520 stadio
999 460 1130 532 Isthmio·

9 542 18 566 ⁴*
106 544 110 548 ’
134 559 196 601 rum
212 539 259 600 die
275 559 326 600 sua
340 541 497 618 ipse-voce
511 541 715 618 pronuntiavit.

112 643 125 684 u
196 625 345 685 Reuersus
360 641 377 683 e
395 621 516 695 Graecia
531 620 695 703 Neapolim,
713 625 789 705 quod
803 626 832 684 in
849 644 884 686 ea
898 626 1028 706 primuml
1040 638 1172 696 artemas

135 709 308 790 protulerat,
331 707 405 768 albis
425 708 507 786 equis
526 709 643 786 introiit,
669 710 791 775 disiecta
814 718 897 788 parte
921 713 1004 790 muri,
1020 721 1050 772 ut
1068 730 1131 772 mos

12 807 23 826 ³
134 784 348 854 bidroaicarum
365 800 423 860 est;
445 791 529 851 simili
549 791 636 852 modo
651 793 783 870 Antium,
801 793 867 854 inde
884 794 1043 873 Albanam,
1065 796 1132 859 iude

134 878 270 946 Romam;
285 875 338 936 sed
353 875 516 936 etilomam
534 893 570 935 eo
591 894 685 953 curru,
706 877 763 957 quo
778 877 926 954 Augustus
942 879 1015 941 olim
1035 881 1131 940 trium-
1163 883 1165 886 ’

135 961 285 1040 pbaverat,
302 968 331 1019 et
344 961 374 1018 iu
387 969 470 1019 reete
486 978 633 1039 purpurea
648 960 840 1039 distinctaque
856 963 949 1023 stellis
964 964 1060 1024 aureis
1073 965 1130 1026 cla

100 1043 221 1120 conside,
239 1060 436 1120 annonamque
453 1045 549 1123 capite
567 1063 677 1123 gerens
690 1044 901 1124 Olympiacam,
923 1046 1025 1108 dextra
1047 1065 1131 1108 manu

134 1128 273 1205 Pythiam,
292 1137 451 1207 praeeunte
464 1145 572 1207 pompa
588 1137 749 1188 ceterarum
765 1147 828 1188 oum
842 1130 941 1208 titulis,
957 1131 1006 1190 ubi
1016 1139 1046 1189 et
1057 1149 1131 1210 quos

135 1229 192 1291 qno
208 1213 370 1272 cantionum
385 1229 481 1289 quove
494 1211 654 1272 fabularum
666 1221 835 1290 argumento
847 1215 981 1284 vicisset;
1007 1233 1130 1293 sequen·

135 1295 210 1358 tibus
226 1313 339 1356 currum
356 1297 500 1355 orantium
513 1297 569 1356 ritu
585 1295 781 1375 plausoribus,
798 1296 995 1374 Augustianos
1011 1299 1129 1358 milites·

50 1380 53 1385 ⁴
136 1399 192 1459 que
211 1398 244 1439 se
267 1378 401 1458 triumphi
431 1381 492 1438 cius
519 1379 739 1440 clamitantibus.
796 1379 919 1457 Dehinc,
940 1380 1034 1440 diruto
1059 1382 1131 1442 circi
1229 1381 1230 1438 J

99 1475 126 1516 15
134 1464 249 1524 maximi
264 1482 344 1540 arcu,
360 1482 415 1543 per
429 1463 587 1524 Velabrum
601 1464 753 1542 lorumque
767 1464 905 1528 Palatium
922 1472 952 1523 et
961 1463 1130 1543 Apollinem
1229 1469 1230 1498 l

135 1549 216 1629 petit.
259 1546 408 1608 lncedeuti
429 1549 537 1627 passim
561 1549 695 1608 victimae
723 1567 828 1608 caesae
857 1566 961 1628 sparso
988 1567 1042 1628 per
1067 1549 1130 1608 vias

133 1631 288 1692 identidem
311 1649 412 1707 croco,
435 1632 627 1710 ingestaeque
649 1650 719 1693 aves
736 1650 776 1692 ac
797 1633 928 1693 lemnisci
950 1641 980 1692 et
1000 1631 1130 1712 bellaria.
1229 1649 1230 1652 ’

134 1717 240 1776 Sauras
257 1732 382 1775 cenonas
398 1715 427 1774 in
435 1715 581 1775 cubiculis
603 1716 827 1776 circumiectos
850 1719 963 1796 posuit,
986 1718 1053 1775 item
1074 1725 1130 1775 sta·
1199 1780 1202 1786 .

133 1809 197 1860 tuas
213 1817 280 1859 suas
295 1797 492 1859 citharoedico
506 1798 603 1859 babitu
618 1801 692 1880 (qua
706 1808 774 1881 nota
794 1801 878 1860 etiam
901 1814 1043 1859 nummum
1064 1817 1130 1877 per·
1174 1847 1179 1853 .

97 1883 269 1961 accussat
296 1882 341 1943 Ac
356 1892 423 1963 post
439 1882 512 1944 baec
527 1893 640 1960 tantum,
652 1883 722 1944 aluit
737 1883 934 1945 aremitteudo
947 1881 1131 1962 laxandoque

134 1968 240 2043 studio,
258 1976 289 2027 nt
305 1966 620 2027 conservandae-vocis
634 1969 727 2067 qratia
747 1986 842 2047 neque
862 1967 968 2028 milites
988 1984 1130 2046 umquam,

122 2053 189 2111 ‘nisi
211 2051 317 2111 absens
337 2060 385 2111 aut
407 2050 464 2111 alio
488 2051 577 2111 verba
604 2052 818 2131 pronuntiante,
846 2051 1010 2131 appellaret
1033 2068 1130 2131 neque

134 2137 287 2217 quicquam
303 2136 380 2196 serio
395 2135 500 2194 iooove
516 2137 621 2213 egerit,
637 2136 692 2196 uisi
707 2144 816 2196 astante
829 2135 990 2213 phonasco,
1006 2135 1053 2214 qni
1068 2151 1129 2194 mo·

133 2228 228 2294 neret,
246 2223 396 2298 parceret
415 2218 543 2280 artesae
563 2238 602 2280 oc
621 2218 784 2282 sudarium
810 2220 853 2279 od
871 2238 907 2281 os
932 2218 1109 2299 applicaret
1114 2242 1130 2289 ,-

97 2302 286 2381 mmnltisque
301 2304 350 2363 val
366 2304 518 2364 amicitiam
532 2322 611 2365 suam
626 2304 764 2383 optulerit
776 2304 825 2363 vel
837 2304 1007 2365 simultatem
1019 2302 1129 2363 indixe-

133 2390 182 2463 rit,
199 2396 283 2465 prout
297 2387 418 2466 quisque
434 2407 467 2448 se
482 2385 578 2465 magis
590 2391 746 2467 parciusue
762 2388 917 2448 laudasset.

197 2470 394 2548 Petulantiam,
409 2472 569 2548 libidinem,
584 2472 735 2548 luxuriam,
753 2470 911 2547 ava'ritiam,
929 2469 1127 2530 crudelitatem
1136 2480 1171 2534 26

134 2554 241 2614 sensim
263 2555 377 2634 quidem
399 2558 491 2633 primo
517 2564 548 2614 et
576 2555 692 2615 occulte
720 2564 749 2614 et
775 2555 855 2614 velut
883 2552 1004 2630 iuvenili
1029 2549 1130 2613 errore

134 2640 277 2715 exercuit,
298 2638 350 2697 sed
364 2647 395 2696 ut
410 2645 477 2698 tnnc
500 2655 615 2730 quoque
638 2637 753 2697 dubium
773 2636 878 2695 nemini
898 2636 990 2711 foret,
1011 2642 1130 2694 naturae

97 2736 125 2777 so
134 2721 185 2782 illa
200 2722 278 2797 vitia,
292 2738 350 2781 oon
368 2722 471 2781 aetatis
485 2739 563 2779 esse.
600 2721 671 2780 l'ost
688 2719 890 2798 crepusculum
902 2719 996 2777 atatim
1008 2717 1130 2798 adrepto

125 2806 225 2885 pilleo
241 2804 289 2863 vel
309 2804 411 2881 galero
432 2806 555 2884 popinas
572 2804 663 2863 inibat
683 2804 848 2881 circumque
867 2804 951 2863 vicos
971 2802 1132 2879 vagabatur

131 2886 315 2964 ludibundus,
332 2907 388 2949 nec
405 2877 467 2949 sine
484 2888 614 2968 pernicie
630 2897 735 2948 tamen.
780 2885 925 2968 Siquidem
943 2886 1088 2948 redeuntis
1113 2905 1130 2946 a

133 2990 226 3035 caena
241 2971 398 3033 verberare
413 2991 449 3034 ao
463 2981 660 3051 repugnantes
673 2971 825 3031 vulnerare
839 2970 1005 3075 cloacisqrp
1018 2970 1129 3031 demer-

132 3075 207 3135 gere
222 3065 361 3133 assuerat,
373 3056 509 3117 tabernas
518 3058 602 3117 etiam
614 3056 771 3132 effringere
784 3064 813 3115 et
824 3055 953 3135 expilare
962 3078 977 3125 ;Ι
986 3055 1128 3130 Quintana

98 3161 125 3202 os
133 3142 212 3202 domi
224 3141 389 3219 constituta,
400 3141 450 3201 abi
460 3150 560 3221 partae
572 3150 602 3201 et
615 3139 652 3201 ad
662 3140 850 3200 licitationem
861 3139 1030 3200 dividendae
1044 3120 1152 3216 prae-i

133 3226 188 3285 dae
204 3224 327 3304 pretium
344 3224 551 3285 absumeretur.
594 3223 641 3283 Ac
653 3240 747 3303 saepe
761 3224 789 3281 iu
806 3223 955 3284 eiusmodi
970 3224 1040 3281 rixis
1059 3236 1127 3277 oon-

132 3308 226 3368 lorum
247 3318 276 3368 et
302 3310 378 3370 vitae
400 3309 556 3388 periculmo
577 3307 662 3385 adiit,
684 3325 701 3368 a
722 3306 843 3386 quodam
864 3305 1025 3379 laticlavia,
1046 3298 1128 3361 cuius

133 3409 256 3454 uxorem
268 3392 490 3469 adtrectaverat,
505 3410 599 3473 prope
615 3391 651 3453 ad
665 3408 767 3453 necem
780 3408 892 3451 caesus.
910 3417 915 3426 ·
937 3388 1033 3461 Quare
1049 3398 1127 3445 num-

1158 3636 1230 3727 A
