2475 3775
836 83 1164 206 ''au-

116 293 434 383 Qaidnm'exlltlmant‚
451 299 557 365 adultis
568 303 887 383 iamirngnstilibeuis,
904 305 1015 367 loeo-et
1029 305 1110 386 qnasi

115 386 305 470 possessione
318 388 448 467 usurpati
460 405 478 449 a
493 405 527 448 se
540 387 588 449 diu
602 387 721 448 secundi
734 387 840 466 gradum
854 398 963 468 sponte
973 391 1110 466 cessisse·

114 471 251 552 exemplo
269 471 309 533 bl.
330 472 482 551 Agrippae
501 473 563 551 qui,
583 470 623 532 bl.
637 471 778 532 Marcello
801 471 837 550 ad
855 489 973 533 munera
995 471 1110 551 publica
1134 513 1139 522 ι

113 555 246 632 admoto,
262 555 416 631 Mytilenas
429 556 541 634 abierit,
556 571 594 614 nc
607 563 655 616 aut
666 555 784 616 obstare
795 564 843 616 aut
851 555 1016 634 obtrectare
1026 573 1113 634 prae

91 657 186 700 nsens
200 638 356 700 uideretur.
398 639 489 714 Quam
505 635 620 700 causam
634 646 663 718 et
677 639 757 719 ipse,
780 639 832 700 sed
846 649 961 719 postea,
978 637 1109 700 reddidit.

113 723 195 784 Tunc
209 730 307 784 antem·
318 720 456 784 bonorum
469 725 630 783 satietatem
645 739 681 783 ac
692 724 823 802 requiem
835 722 964 784 lnbomm
977 731 1109 803 praeten-

113 806 198 883 dens,
211 815 398 868 commeatum
412 809 499 886 petit3
516 823 612 885 neque
626 815 673 868 aut
686 808 769 867 matri
784 808 954 887 suppliciter
967 794 1123 887 precanti‚'
1226 843 1232 854 -

113 898 162 951 ant
179 891 283 952 nitrien
297 889 394 950 deseri
408 907 441 950 se
456 892 542 950 etiam
557 891 586 949 iu
608 899 709 951 senatu
729 891 916 970 conquerenti
932 893 1044 952 veniam
1061 889 1108 950 de·

113 973 164 1034 dit.
199 974 273 1049 Quin
292 982 324 1034 et
344 975 521 1053 pertinacius
540 967 743 1052 retinentibus,
769 974 835 1036 cibo
860 991 914 1054 per
934 972 1109 1053 quatriduum

75 1055 261 1120 toabstinuit.
301 1057 389 1119 Facta
412 1057 526 1121 taudem
548 1056 669 1123 abeundi
691 1066 851 1136 potestate,
872 1058 981 1118 relictis
1001 1058 1110 1118 Romae

113 1156 217 1202 amore·
229 1149 260 1201 et
277 1141 336 1201 lito
351 1142 503 1201 confestim
518 1139 626 1201 Ostiam
642 1141 806 1219 deseendit,
828 1160 865 1202 ne
883 1141 975 1202 verbo
997 1140 1109 1219 quidem

113 1227 248 1304 cuiqnam
270 1226 504 1304 prosequentium
528 1225 640 1285 reddito
665 1242 831 1303 paucosque
855 1225 1003 1286 admodum
1023 1227 1050 1284 in
1069 1223 1108 1284 di·
1166 1291 1170 1298 ,

112 1319 221 1386 mensu
239 1308 433 1368 exosculatus„
460 1306 603 1369 abusus
616 1325 697 1368 oram
715 1306 887 1387 Campaniae
902 1309 1015 1386 legens,
1030 1307 1148 1367 iube-11

113 1390 236 1453 cillitate
256 1391 381 1470 Augusti
404 1392 544 1471 nuntiata,
569 1392 684 1470 paulum
707 1391 841 1454 substitit.
885 1393 943 1453 Sed
963 1391 1108 1450 increbre·
1172 1431 1174 1436 -

75 1497 104 1538 as
114 1484 217 1536 scente
231 1493 346 1534 rumore
359 1476 440 1553 quasi
453 1475 490 1536 ad
499 1476 684 1536 occasionem
701 1475 817 1536 maioris
835 1476 900 1554 spei
918 1491 1108 1552 commorare·

111 1569 175 1636 tur,
196 1567 305 1619 tantam
325 1575 382 1618 nou
402 1558 532 1620 adversis
554 1559 771 1639 tempestatibus
784 1558 915 1619 ilbodum
938 1557 1109 1634 enavigavit,

111 1643 287 1703 amoenitate
303 1651 335 1702 et
349 1641 640 1704 salubritateiasulae
654 1644 710 1702 iam
724 1640 790 1702 inde
801 1651 902 1722 captus
916 1659 980 1702 eum
996 1640 1032 1702 ad
1047 1657 1109 1700 eam

113 1725 151 1786 ab
163 1724 299 1791 Armenia
312 1725 428 1786 rediens
439 1725 615 1806 appulisset
627 1725 681 1785 Hic
692 1725 811 1786 modieis
826 1733 981 1786 contentus·
991 1722 1110 1785 aedibus

113 1827 172 1870 uec
186 1810 274 1870 multo
288 1809 400 1870 laxiore
415 1808 589 1888 suburbano,
606 1827 699 1886 penus
712 1811 789 1869 vitae
807 1809 892 1868 civile
906 1808 1054 1868 admodum
1069 1808 1108 1864 in·

73 1912 105 1955 so
114 1894 215 1971 stituit,
229 1895 291 1953 sine
305 1893 412 1953 lictore
426 1902 474 1954 aut
483 1894 752 1971 viatoregyrnnasio
763 1892 902 1953 interdum
913 1891 1109 1965 obambulans,

5 2023 6 2037 2
112 1985 267 2056 mnusque
283 1994 347 2038 cum
361 1976 514 2038 Graeculis
528 1977 625 2039 cilicia
640 1994 780 2056 usurpans
796 1994 891 2056 propa
906 1994 944 2035 ex
959 1991 1061 2053 aequo.
1106 1996 1108 2005 ’
1193 1987 1202 2001 ·

51 2081 54 2083 ’
177 2058 266 2122 Forte
278 2060 418 2140 quondam
434 2062 462 2120 in
475 2060 655 2140 disponendo
670 2059 716 2120 die
726 2078 808 2121 mane
823 2059 1018 2139 praedixerat,
1030 2056 1108 2137 quid·

113 2143 183 2229 qnid
197 2160 350 2221 aegrorum
367 2146 394 2203 in
411 2146 526 2207 ciuitate
541 2155 621 2206 meet
636 2146 752 2205 visitare
770 2162 804 2205 se
819 2144 911 2212 telle3
934 2144 993 2203 ida
1009 2141 1105 2220 proxi·

112 2229 169 2288 snb
189 2227 273 2288 aliter
286 2237 448 2307 exceptum,
462 2230 588 2307 iussique
606 2237 671 2289 snut
692 2246 791 2289 omnes
810 2229 893 2305 aegri
905 2228 943 2287 -in
964 2224 1107 2307 publicam

74 2312 258 2393 sepontinum
272 2310 381 2371 deferri
397 2331 432 2373 ac
446 2325 500 2393 per
515 2312 697 2373 valitudinum
712 2330 820 2391 genera
835 2311 956 2391 disponi.
991 2306 1106 2369 Percul-

5 2419 6 2426 ¹
111 2412 164 2457 sus
183 2413 256 2472 ergo
278 2397 425 2475 inopinata
442 2416 479 2460 -re
499 2396 602 2476 dinque
621 2395 687 2475 quid
705 2404 808 2473 ageret
827 2398 971 2471 incertus,
995 2390 1108 2453 tandem

4 2486 6 2490 ’
60 2491 65 2495 ’
110 2474 247 2557 singulos
262 2481 378 2556 circuit,
398 2496 541 2541 excusans
554 2480 661 2540 iactuum
677 2482 762 2539 etiam
780 2480 945 2539 tenuissimo
962 2478 1063 2552 cuique
1080 2481 1108 2532 et

110 2565 226 2641 ignoto.
268 2562 361 2625 Unum
374 2562 432 2624 lunc
446 2562 532 2624 modo
545 2581 641 2641 nequo
655 2572 807 2642 praeterea
823 2562 972 2639 quicquam
986 2564 1109 2617 notatum

114 2652 174 2724 est,
189 2647 290 2726 inquo
306 2650 472 2707 exseruisse
487 2648 531 2705 ins
545 2646 714 2709 tribuniciae
726 2645 877 2723 potestatii
889 2641 1030 2701 uisussit:
1047 2656 1110 2699 cum
1177 2654 1181 2667 *

75 2731 197 2791 soeirca
217 2728 335 2790 soboles
350 2738 379 2789 et
395 2728 533 2789 auditoria
555 2728 754 2806 professorum
773 2726 902 2786 assiduus
918 2732 1009 2799 esset,
1031 2730 1109 2783 moto

97 2815 193 2874 'inter
206 2812 418 2893 antisophistas
426 2812 565 2888 graviore
577 2812 685 2889 iurgio,
701 2828 760 2871 non
774 2809 864 2873 deluit
880 2810 927 2886 qui
945 2825 1008 2867 eum
1022 2807 1109 2867 inter·

23 2958 28 2965 ,
112 2896 280 2955 venientem
294 2896 417 2976 etquasi
431 2894 632 2955 studiosiorem
644 2896 732 2973 partis
747 2892 863 2954 alterius
876 2892 1002 2952 convitio
1017 2891 1108 2951 inces

113 2986 207 3039 seret.
240 2980 353 3039 Sensim
373 2980 470 3057 itaque
483 2996 636 3055 regressus
657 2977 784 3054 domum,
804 2984 926 3055 repente
942 2992 1005 3035 cum
1022 2992 1108 3053 appa-

113 3059 256 3126 ritoribus
269 3062 375 3143 prodiit
390 3064 562 3141 citatumque
573 3079 627 3139 pro
639 3060 769 3121 tribunali
784 3078 857 3138 voce
873 3060 1028 3139 praeconis
1042 3074 1108 3117 con-

73 3147 281 3213 munitiorem
294 3148 360 3225 rapi
372 3146 453 3206 iussit
466 3146 495 3205 in
510 3161 668 3206 carcerem.
760 3190 763 3196 .

179 3228 330 3310 Comperit
348 3228 451 3289 deiude
465 3230 566 3292 luliam
585 3245 704 3289 uxorem
725 3227 764 3288 ob
777 3227 911 3289 libidines
926 3234 1011 3305 atque
1032 3222 1108 3283 adul-

113 3314 190 3375 teria
212 3312 387 3389 damnatam,
408 3313 614 3391 repudiumque
635 3313 662 3372 ei
681 3330 733 3373 sno
754 3314 866 3373 nomine
886 3328 926 3371 ex
940 3307 1108 3369 auctoritate

113 3396 421 3475 Augustiremissnnm
443 3405 473 3456 et
485 3412 654 3475 qnaunqnam
669 3395 760 3457 laetus
775 3396 887 3470 nuntio,
907 3402 1000 3453 tamen
1019 3385 1108 3445 cilicii
