2475 3775
201 157 204 166 '
224 163 270 210 XO
561 163 769 211 PRAEFATIO.

49 399 52 408 Ι
163 297 166 310 ’
235 347 237 354 s
290 321 383 378 Nihilo
397 320 486 379 miuus
501 327 590 378 tamea
603 322 693 392 qualis
710 323 745 379 ad
758 338 812 381 uos
825 321 988 379 transmissa
1006 326 1130 390 estquod

225 424 244 462 a,
260 403 420 476 Tranquillo
436 405 565 478 soriptam
579 407 629 460 sed
644 406 679 462 ab
695 407 789 476 aliquo
803 405 955 464 scholiaste
969 404 1129 462 breuiorem

228 491 329 549 laetam
349 489 487 548 existimo.
531 489 671 546 Desidero
688 489 762 546 euim
781 495 809 545 ιιι
829 490 946 547 maxima
968 489 1128 549 necessaria
1227 530 1228 535 1

226 590 361 632 aurorum
390 573 464 628 vitae
496 589 636 628 numerum
656 572 713 628 LVI
742 578 771 628 et
789 572 985 647 historicorum
1014 585 1130 644 operum

228 658 383 730 pleniorem
408 656 574 714 memoriam,
619 655 744 727 Amplius
766 672 821 712 uon
836 657 926 724 addo,
949 671 1011 712 oum
1032 671 1060 710 e.
1082 671 1127 726 qr.

227 740 397 796 notationem
423 739 522 800 natalis
548 739 696 810 letalisque
716 739 780 795 auui
806 741 950 799 eousulum
970 737 1129 794 aomiuilrus

228 825 327 882 fartam
342 822 502 892 Hieronymi
517 817 613 895 tapsus
628 823 766 884 exeludat.
802 823 836 880 Ει
852 841 889 881 ue
902 828 1004 880 tuumm
1018 821 1129 892 quidem

227 908 329 964 deesse
344 907 503 977 crederem,
526 907 580 964 uisi
597 913 721 965 veterum
737 906 873 967 librorum
888 907 1005 968 laeuuae
1020 911 1049 966 et
1062 921 1126 961 eor-

228 991 353 1062 ruptelae
371 990 405 1046 ad
421 991 448 1046 id
464 991 633 1060 eredendum
648 986 820 1048 iuduo'ereut
863 991 946 1046 Initio
965 989 1037 1046 erim
1051 989 1126 1046 ritae

228 1075 261 1130 ab
277 1074 383 1144 aliquot
396 1074 556 1144 codicibus,
577 1075 624 1145 qui
641 1075 676 1131 de
691 1074 890 1146 antiquissimis
906 1079 983 1136 suut,
1004 1074 1059 1128 duo
1075 1088 1126 1128 ro-

227 1156 342 1226 oabula,
364 1157 446 1227 plaue
465 1165 494 1216 ut
513 1156 655 1218 inducam
672 1159 729 1215 vita
744 1159 844 1216 laetum
857 1158 992 1226 uidimus,
1013 1157 1127 1218 absunt;

226 1247 291 1296 tum·
304 1241 332 1306 iu
348 1241 459 1312 irradia,¹
479 1243 526 1298 ubi
549 1242 685 1298 edidimus
701 1242 780 1301 ‘eum
795 1241 938 1300 Germanis
953 1245 1035 1312 gesta
1053 1244 1128 1307 suut,

223 1323 273 1380 XX
289 1324 491 1382 voluminibus'
514 1325 643 1398 plerique
664 1326 730 1381 libri
750 1342 811 1385 eum
833 1325 981 1393 Romame,
1004 1323 1126 1383 fortasse

225 1424 320 1464 omues
342 1407 497 1468 XXXVII
508 1410 553 1465 vel
566 1409 738 1467 XXXVIII
756 1409 934 1471 uoluerim'bas
956 1407 1078 1474 habeat,
1098 1410 1125 1460 ut

224 1491 343 1549 duorum
361 1508 475 1563 operum
492 1493 563 1549 tituli
590 1491 747 1550 ‘bellorum
760 1492 924 1552 Germaniae·
944 1491 994 1546 lilr.
1011 1489 1078 1547 XX'
1101 1493 1125 1544 el

223 1573 260 1630 ‘A
275 1577 328 1630 liae
347 1576 456 1654 dudelli
466 1577 544 1642 Bassi
565 1575 615 1634 lit.
627 1574 727 1638 xxxt’
747 1577 774 1631 iu
790 1573 1033 1655 uuum'ooaluisse
1048 1572 1127 1630 vide·

223 1654 355 1731 autur⁸⁷).

286 1742 443 1814 Descripsit
466 1743 550 1798 vitam
572 1742 687 1798 oiroiter
708 1760 734 1800 a.
758 1749 826 1802 1244
846 1742 1010 1801 ViueentIus
1032 1741 1127 1798 Bello-

223 1825 353 1886 vaeeusis
370 1827 451 1899 Sper.
466 1827 529 1882 hist.
547 1833 596 1894 11,
613 1831 646 1888 67
660 1822 793 1900 (eumque
807 1832 918 1884 eaoutus
931 1825 1042 1883 Walter
1057 1825 1128 1885 Bur-

224 1906 287 1983 ley)
313 1911 378 1967 item
398 1912 562 1971 Frauoisous
579 1911 857 1977 Petrarolaaoireitar
879 1928 904 1966 a.
923 1916 991 1972 1348
1005 1910 1040 1964 de
1057 1908 1128 1964 viris

223 1994 379 2051 illustribus
402 1997 444 2051 ed.
468 1996 551 2053 Busil.
577 2001 647 2055 1563
665 2012 693 2066 p.
713 2000 774 2056 427.
817 1994 925 2053 Formis
952 1993 1129 2053 exouderuut

222 2076 361 2135 Naturalis
397 2079 532 2135 historiae
569 2078 693 2135 editores
725 2078 790 2136 iude
820 2095 836 2134 a
864 2077 993 2150 prireipe
1016 2077 1129 2131 Veneto

120 2234 122 2241 Ι
222 2177 247 2215 a.
268 2166 335 2219 1469
355 2162 479 2233 plurimi;
503 2162 576 2231 quod
593 2157 769 2235 ignorarem)
785 2161 862 2220 Elias
879 2161 996 2220 Viretus
1018 2177 1043 2214 a.
1059 2165 1130 2219 1556

222 2242 352 2311 Suetonii
368 2246 403 2301 de
420 2244 607 2314 grammaticis
623 2244 720 2301 libello
735 2245 844 2303 addidit
856 2252 886 2304 ut
902 2244 1044 2313 ineditam,
1061 2244 1128 2300 mis·

220 2341 281 2379 sam
295 2326 349 2381 sibi
366 2328 399 2383 ab
410 2328 536 2383 Arroldo
554 2329 674 2396 Ferron,
692 2330 739 2400 qui
755 2329 877 2385 Tolosae
892 2345 927 2386 ax
942 2332 1055 2385 vetusto
1075 2343 1129 2382 oo-

220 2408 286 2465 dioe
301 2410 368 2465 bibl.
385 2410 458 2467 Petri
474 2410 608 2470 Furensis
625 2408 676 2483 (de
691 2406 780 2487 Foix)
794 2411 948 2469 cardinalis
963 2409 1130 2482 desoripse·

223 2499 275 2549 rat.
320 2494 446 2565 Denique
464 2494 586 2551 eiusdem
604 2495 712 2565 qratia,
728 2502 758 2550 ut
773 2513 827 2567 qua
842 2496 1019 2571 potissimum
1031 2493 1130 2551 Novo-

220 2578 393 2635 oomeusium
409 2579 524 2634 ambitio
549 2579 700 2648 niteretur,
730 2580 901 2638 Resrouieus
928 2579 982 2635 duo
1007 2577 1128 2634 maxima

221 2664 361 2719 volumina
377 2662 564 2735 eouseripsit‚
587 2662 637 2717 sed
661 2664 759 2719 oritieo
777 2679 873 2735 parum
893 2661 1044 2723 adiumenti
1058 2661 1128 2724 sub·

221 2738 398 2802 miuistravit.
986 2750 995 2763 ⁹

285 2836 351 2897 300,
371 2837 415 2889 29.
435 2838 469 2890 30
489 2830 606 2885 'litatum
629 2836 657 2885 et
677 2830 762 2886 verba
778 2830 886 2883 Plinius
903 2828 1048 2883 Secundus
1069 2843 1127 2883 uon

140 2959 141 2963 ,
222 2910 325 2965 habeut
341 2912 500 2983 Toletanus‚
517 2915 675 2970 Vindobon.
693 2920 725 2981 9,
741 2913 896 2973 Paris6796
909 2910 944 2982 A,
958 2911 1128 2967 Barbetium

225 3022 415 3033 n———n——-.

220 3056 262 3189 d·-
287 3073 335 3137 st)
355 3075 460 3127 Videtus
474 3091 573 3141 quoque
584 3077 642 3127 ture
654 3076 788 3126 proriam
799 3078 866 3127 ailae
881 3077 936 3126 loeo
950 3074 1048 3139 aliquid
1059 3077 1129 3125 aeci·

238 3151 418 3275 ¹⁸sessltiistalltum
440 3227 549 3261 errorem
573 3214 651 3261 libere
672 3210 808 3261 coufessus
827 3221 865 3261 est
888 3214 914 3261 iu
932 3211 1046 3261 secunda
1070 3210 1129 3260 edi-

220 3279 288 3327 tione
306 3293 330 3327 a.
348 3279 415 3331 1570
433 3280 473 3328 vei
492 3280 556 3331 1571
578 3280 653 3340 faeta,
674 3294 749 3342 quarn
767 3279 951 3347 bibliographis
968 3280 1129 3344 incognitam

221 3361 279 3395 esse
291 3349 378 3400 miror.
415 3348 488 3397 Certe
506 3350 532 3396 in
550 3348 743 3399 Cusaubouiaua
760 3351 909 3413 repetitione
927 3364 953 3413 p.
963 3348 996 3399 32
1012 3361 1129 3398 errorem

221 3424 325 3466 exousat
340 3414 451 3465 ‘abhiuo
468 3430 548 3467 anuos
568 3413 728 3480 quindecim’
748 3418 919 3492 commissum.
