2475 3775
517 178 687 243 amemus.
920 215 924 222 ,
1027 153 1131 252 Μ’
1164 137 1167 152 ⁴

112 347 198 408 modo
211 345 380 423 destinant,
400 363 458 406 uon
478 355 589 407 temere
606 349 831 427 quiequam'uisi
843 357 951 412 extuto
968 347 1098 417 cosmus.

112 432 170 492 Sed
188 429 406 509 tempestatibus
423 439 453 490 et
465 431 689 508 ingravescente
702 434 730 492 vi
747 431 842 494 morbi
854 445 993 516 retentus,
1011 443 1097 519 paulo
1127 441 1128 454 ¹

6 523 10 528 ’
111 524 178 595 post
193 514 264 575 obiit
281 513 314 574 in
327 514 396 574 rilla
409 514 578 592 lucullana,
598 525 703 576 octavo
714 525 750 576 'et
767 521 980 597 septuagesimo
996 526 1098 584 aetatis

111 617 196 674 anno,
220 600 307 660 tertio
333 605 364 658 et
383 599 521 658 vicesimo
537 599 661 678 imperii,
689 599 911 682 xV11.1tt.ap.
932 603 1107 667 GN.'Aoer-=-

81 701 103 744 e
112 684 196 743 rouio
209 682 334 742 Procedo
348 680 382 742 0.
399 682 501 742 Pontio
511 681 633 759 bligriuo
647 701 743 746 conss.
790 718 794 728 ι
915 720 916 724 =
974 709 994 760 f
1070 741 1077 746 ,
1156 737 1157 740 ,

118 810 121 819 ,
171 767 242 826 Sunt
257 765 306 854 qai
321 775 435 845 putent,
454 783 600 826 ‘venenum
613 768 641 826 ei
656 767 760 828 a-llaio
778 767 872 829 datum
890 769 996 831 lentum
1012 779 1098 853 atque
1180 792 1183 799 ⁴

109 850 273 918 tatiacum·
291 850 358 927 alii,
381 850 410 909 iu
428 851 601 911 remissione
617 851 751 912 idmuitae
772 851 862 913 lebria
877 853 971 919 cibum
985 856 1097 932 deside·

108 935 181 994 ranti
197 942 350 1010 negatum
366 934 511 1011 nonnulii,
534 934 684 1014 puluinum·
696 936 838 1013 iniectum,
855 955 923 998 *cam
938 949 1097 1000 extractum

108 1017 329 1078 sibifdebcieuti
349 1017 462 1079 anulum
475 1035 543 1078 mox
562 1014 747 1098 resipiscens
760 1023 940 1099 requisisset.
984 1024 1098 1086 Seneca

75 1119 176 1163 soeum
189 1101 303 1178 scribit,
324 1101 471 1167 intellecta
490 1101 672 1178 deiectione,
694 1113 856 1182 exemptum
879 1105 992 1166 anultuu
1015 1103 1098 1186 quasi
1132 1136 1134 1142 ·

107 1185 194 1266 alicui
211 1184 377 1246 traditurum
388 1203 546 1264 parumper
564 1187 708 1261 tenuisse,
731 1186 795 1247 dein
810 1206 908 1248 rursus
922 1199 1037 1269 aptasse
1056 1191 1095 1250 di-

107 1271 189 1345 gito,
212 1276 246 1329 'et
269 1286 437 1347 compressa
461 1270 575 1329 sinistra
595 1287 680 1330 manu
700 1271 825 1330 iacuisse
842 1271 888 1331 diu
909 1273 1094 1342 immobilem

108 1351 204 1412 subito
216 1353 329 1412 vocatis
340 1353 474 1412 ministris
485 1370 521 1413 ac
532 1355 645 1413 nemine
656 1349 858 1432 respondente,
867 1358 1095 1434 consurrexisse,

107 1445 168 1496 ncc'
180 1436 283 1516 procul
298 1455 314 1496 a
326 1436 434 1496 lectulo
451 1436 650 1496 deficientibus
666 1436 772 1497 viribus
785 1437 957 1498 concidisse.

72 1537 98 1576 15
113 1517 117 1525 “
174 1521 315 1599 Supremo
326 1520 412 1580 natali
425 1537 479 1580 suo
497 1519 664 1597 Apollinem
675 1519 851 1581 Temenitem
863 1530 891 1581 et
906 1521 1094 1601 amplitudinis
1103 1529 1137 1584 74

108 1613 138 1663 et
149 1604 220 1663 artis
236 1605 373 1680 eximiae,
391 1603 546 1664 advectum,
557 1605 710 1678 Syracusis
726 1613 756 1664 ut
767 1605 795 1664 in
810 1600 985 1666 bibliotheca
996 1607 1095 1686 templi

107 1689 176 1746 novi
192 1697 365 1766 poneretur,
386 1687 498 1747 viderat
518 1705 573 1766 per
593 1688 717 1766 quietem
740 1688 926 1750 affirmantem
947 1689 1018 1768 sibi,
1038 1708 1095 1750 non

52 1806 57 1814 -
108 1787 199 1850 possa
214 1789 247 1830 se
267 1769 303 1830 ab
317 1772 384 1850 ipso
396 1770 532 1830 dedicari.
565 1770 603 1831 Et
618 1779 684 1830 ante
695 1788 805 1851 paucos
821 1789 906 1851 quam
924 1772 1017 1832 obiret
1033 1773 1095 1833 dies

107 1855 196 1914 turris
216 1853 301 1916 Phari
322 1863 418 1915 terrae
435 1862 514 1915 motu
531 1851 652 1935 Capreis
674 1855 806 1916 concidit.
842 1855 887 1917 Ac
902 1855 1003 1917 Miseni
1025 1857 1095 1917 cinis

71 1956 125 1998 soa
141 1937 240 2000 favilla
254 1946 290 1998 et·
301 1937 473 2000 carbonibus
488 1938 523 1998 ad
536 1938 742 2003 calfaciendum
758 1937 908 2000 triclinium
922 1940 1030 2019 inlatis,
1045 1957 1094 2000 ex·

107 2024 214 2082 tinctus
227 2024 283 2082 iam
296 2031 325 2083 et
338 2021 385 2082 diu
401 2022 529 2100 frigidus,
547 2024 655 2082 exarsit
668 2030 790 2101 repente
808 2023 897 2101 prima
916 2041 1040 2103 vespera
1056 2034 1094 2083 at-

107 2123 166 2184 que
181 2108 210 2165 in
221 2106 337 2166 multam
351 2114 466 2166 noctem
481 2107 669 2185 pertinaciter
685 2106 766 2167 luxit.
911 2161 913 2165 .
963 2103 965 2111 ‘

172 2188 265 2250 llorte
283 2191 345 2250 eius
360 2191 399 2249 ita
420 2190 551 2249 laetatus¹
562 2199 607 2250 est
625 2190 765 2269 populus,
787 2196 816 2250 ut
837 2188 872 2251 ad
889 2191 1007 2270 primum
1026 2210 1092 2252 nuu—
1103 2209 1137 2265 75

105 2274 177 2333 tium
194 2273 387 2333 discurrentes
405 2290 489 2353 pars:
514 2271 666 2334 Tiberium
682 2274 713 2335 e'a
736 2272 888 2354 Tiberim!
907 2274 1094 2352 clamitarent,

70 2373 176 2435 aepars
191 2356 308 2434 Terram
318 2366 436 2420 matrem
453 2356 583 2437 deosque
597 2357 696 2430 blance
711 2366 842 2435 orarent,
862 2376 901 2419 oe
913 2367 1032 2421 morteto
1048 2377 1093 2418 se·
1188 2368 1192 2372 '

106 2440 176 2501 dem
190 2440 286 2501 ullam
297 2440 359 2524 nisi
371 2442 449 2501 inter
460 2441 572 2520 impios
585 2440 705 2519 dorent,
723 2442 769 2501 alii
783 2460 884 2511 uncum
902 2451 932 2501 et
944 2442 1096 2503 Gemonias

106 2524 247 2585 cadaveri
261 2525 450 2601 minarentur,
475 2524 644 2585 exacerbati
658 2542 753 2603 super
769 2526 932 2586 memoriam
958 2526 1095 2603 pristinae

106 2606 287 2683 crudelitatis
300 2610 385 2668 etiam
399 2609 510 2668 recenti
524 2609 685 2668 atrocitate.
722 2606 795 2667 Nam
814 2626 875 2667 cum
894 2614 1009 2665 senatus
1028 2623 1095 2689 con·

105 2691 184 2751 sulto
200 2700 311 2752 cautum
325 2700 405 2751 esset
417 2700 447 2749 ut
464 2707 558 2769 poena
573 2688 767 2751 damnatorum
781 2688 809 2748 in
828 2689 967 2748 decimum
982 2706 1096 2769 semper

70 2775 184 2836 autem
198 2773 371 2851 differretur,
393 2774 470 2833 iorte
484 2771 589 2832 accidit
607 2782 636 2832 ut
656 2770 830 2851 quorundam
845 2771 980 2850 supplicii
994 2773 1055 2833 dies
1072 2773 1096 2832 is

104 2866 197 2934 esset,
214 2874 272 2937 quo
288 2861 442 2918 nuntiatum
457 2855 492 2915 de
507 2854 624 2916 'liberio
642 2864 712 2914 erat.
741 2854 802 2914 llos
816 2856 993 2934 implorantis
1007 2857 1095 2917 homi·
1136 2911 1137 2914 ,

102 2960 173 3001 nom
187 2941 288 3017 iidem,
310 2942 376 3020 quia
387 2940 512 3001 'absente
528 2937 622 2999 adbuc
641 2938 711 3000 (laio
725 2956 809 2999 nemo
825 2938 941 3000 extabat
960 2942 1007 3019 qui
1024 2941 1095 3002 adiri

102 3024 346 3104 interpellarique
361 3031 477 3105 posset,
496 3022 647 3100 custodes,
667 3021 789 3100 nequid
804 3021 944 3083 adversus
960 3028 1094 3084 constitu-

102 3106 164 3167 tum
183 3107 330 3185 iacerent,
359 3107 609 3184 strangulaverunt
631 3104 855 3185 abieceruntque
878 3107 906 3166 in
933 3105 1093 3167 Gemonias.

66 3214 92 3254 as
103 3190 208 3253 Crevit
222 3192 309 3269 igitur
326 3192 448 3268 invidia,
469 3190 646 3270 quasietiam
661 3198 728 3268 post
741 3198 862 3250 mortem
875 3192 986 3265 tyranni
1001 3191 1092 3263 saevi·

101 3277 143 3336 tia
157 3285 355 3355 permanente.
392 3274 506 3354 Corpus
523 3282 553 3333 ut
567 3274 678 3335 moveri
691 3292 708 3334 a
722 3273 833 3333 Miseno
849 3273 961 3351 coepit,
979 3272 1092 3331 concla-

99 3357 247 3419 mantibus
261 3357 408 3439 plerisque
419 3356 551 3420 Atellam
559 3358 665 3436 potior
678 3356 875 3435 defeieodom
889 3360 918 3415 et
931 3355 963 3415 io
976 3352 1090 3430 cmpbi·
