2475 3775
519 130 709 218 macml‘
818 192 826 198 -
966 123 969 132 ¹
1068 157 1109 220 87
1175 233 1211 263 ι,

117 312 198 395 plebi
213 312 267 375 icit
281 314 438 380 medendi
452 317 552 382 rursus
566 340 584 382 a
598 320 738 402 patribus.
770 321 905 384 claudias
917 323 1038 402 Drusus,
1053 333 1110 386 sta-

115 398 165 460 tua
186 399 240 460 sibi
255 398 414 464 diademata
427 403 464 465 ad
477 404 557 485 Appi
572 406 679 473 Forum
694 407 805 486 posita,
825 407 934 467 ltaliam
953 427 1006 487 per
1023 409 1110 469 elien-

115 483 190 545 telas
212 502 358 568 occupare
377 492 536 568 temptavit.
572 490 713 551 Claudius
733 491 858 551 Pulcher
878 490 959 571 apud.
973 493 1110 569 Siciliam,
1234 505 1236 512 ’

115 583 175 628 non
194 571 381 648 pascentibus
401 574 431 632 in
446 575 622 653 auspicando
638 575 724 654 pullis
740 591 774 636 ac
790 593 845 654 per
858 583 1051 654 contemptum
1066 595 1110 635 re-

91 651 233 729 eligicnis
252 657 322 716 mari
344 655 498 735 demersis,
519 661 599 736 qnasi
619 666 654 720 ct
670 658 809 720 teserem
823 659 947 740 ᾳοοοοο
963 676 1031 719 esse
1045 660 1110 720 reol-

59 788 63 798 .
114 734 195 812 lest,
221 740 363 817 proelium
382 735 485 802 nasale
508 743 584 812 iniit;
611 753 837 824 superatusque,
860 761 925 804 enm
944 743 1136 804 dictatorem.

114 819 216 881 dicere
236 840 254 882 a
276 833 376 884 senatu
391 825 553 905 iuberetur,
575 827 656 887 velut
676 829 778 891 iterum
799 827 932 900 inludens
957 826 1113 890 discrimini
1207 889 1215 904 ,

72 950 85 964 s
115 905 249 985 publica,
266 907 375 968 Glician
387 910 525 969 viatorem
542 912 622 971 surim
637 911 716 972 dixit.
1100 933 1102 937 ⁴

176 986 283 1050 Extant
290 1000 321 1052 et
329 992 496 1052 feminarum
504 995 639 1074 exempla
647 995 879 1074 discussaeque,
887 993 1027 1074 siquidem
1039 1011 1112 1072 gen-

76 1075 152 1133 sotis
172 1074 301 1135 eiusdem
318 1085 437 1156 uaeque
454 1076 658 1156 claudicant,
677 1088 707 1139 et
724 1097 799 1158 qaae
816 1095 919 1140 navem
938 1095 1001 1140 eum
1021 1079 1113 1138 saeris

113 1158 214 1220 listris
238 1159 324 1219 deam
347 1160 453 1222 idaeae
477 1161 685 1224 obhaerentem
708 1163 846 1224 Tiberino
873 1162 949 1223 vado
977 1162 1112 1237 extraxit,

112 1251 234 1322 precata
249 1243 418 1322 propalam,
434 1253 470 1306 at
483 1247 529 1306 ttc
542 1245 662 1307 denum
676 1263 711 1311 se
725 1253 922 1328 sequeretur,
937 1247 967 1306 si
980 1245 1042 1306 sibi
1053 1263 1110 1324 pc·

112 1325 223 1387 dicitis
243 1328 422 1398 comeare&
450 1338 481 1390 et
501 1347 575 1408 quae
597 1348 676 1392 novo
696 1349 779 1391 more
799 1330 933 1390 iudicium
954 1330 1113 1390 maiestatis
1158 1325 1161 1338 ’

98 1405 191 1489 ‘apud
218 1411 355 1489 populum
368 1412 483 1472 mulier
507 1413 609 1491 subiit,
637 1415 714 1493 quod
734 1416 763 1476 in
783 1414 914 1474 eonierta
936 1413 1113 1495 multitudine

74 1507 104 1549 rs
113 1509 206 1571 aegre
220 1494 401 1572 procedente
416 1505 557 1576 carpento
573 1498 667 1577 palam
683 1507 849 1578 optaverat,
872 1503 906 1557 est
919 1496 1024 1576 frater
1037 1511 1114 1555 aaut

112 1576 245 1640 Pcteter
264 1578 581 1661 mitesceret‘stpoe
595 1583 706 1643 ἰοοοοοο
720 1583 852 1660 classem
866 1581 1032 1656 omitteret,
1053 1595 1113 1659 pua

112 1662 214 1723 mmor
237 1661 333 1723 sarta
353 1663 474 1726 llomoe
495 1665 589 1744 feret.
635 1667 791 1728 Praeterea
824 1666 1031 1726 notatissimum
1057 1671 1113 1739 est,

112 1745 253 1807 Claudias
269 1748 372 1824 omnis,
389 1759 516 1828 excepto
531 1750 687 1810 dumtaxat
701 1751 733 1810 Ρ.
751 1749 880 1830 (Ὰοοίῐο,Ι
891 1750 938 1828 qai
954 1747 992 1808 ob
1012 1745 1112 1826 expel-

112 1829 229 1891 lendum
250 1831 321 1892 urite
337 1829 510 1893 Gieerouem
524 1833 642 1913 plebeio
658 1834 764 1895 lromini
781 1843 866 1913 atque
881 1833 967 1893 etiam
981 1840 1048 1893 natu
1063 1828 1112 1888 mi-

73 1915 179 1975 eonon
197 1916 225 1973 in
242 1913 426 1997 adoptionem
441 1935 474 1977 se
489 1918 583 1996 dedit,
599 1920 753 1998 optimates
768 1917 994 1994 adsertoresque
1011 1916 1114 1973 unicos
1156 1932 1159 1935 ·

113 1998 263 2075 dignitatis
293 2014 329 2059 ae
351 2003 506 2080 potentiae
531 2003 716 2081 patriciorum
743 2019 860 2081 semper
888 2000 993 2075 luisse,
1028 2007 1114 2081 atquc

112 2082 255 2144 aduersus
270 2082 386 2162 plebem
399 2085 472 2145 adeo
488 2086 635 2147 violentos
649 2096 680 2147 et
693 2095 893 2162 contumaces,
910 2093 939 2143 ut
954 2102 992 2143 ne
1009 2080 1114 2161 eapitis

112 2164 236 2246 quidem,
251 2168 400 2247 quisquam
414 2187 483 2229 reus
499 2170 576 2250 apud
596 2172 734 2250 populum
748 2179 858 2231 mutare
874 2177 986 2229 vestem
1002 2175 1050 2227 aut
1064 2164 1114 2255 de·
1197 2218 1202 2233 s

112 2250 231 2330 precari
245 2253 424 2323 snsdncerit3
441 2254 570 2314 nonnulli
582 2255 613 2313 in
628 2255 817 2317 altercatione
833 2263 864 2315 et
877 2254 972 2330 iurgio
984 2251 1115 2311 tribunos

75 2351 105 2392 es
115 2333 196 2414 plebi
211 2334 397 2413 pulsaverint.
429 2336 521 2399 Etiam
536 2340 621 2417 virgo
637 2340 765 2403 Vestalis
778 2340 913 2417 iratrem,
937 2338 1045 2406 iniussu
1063 2350 1114 2412 pc-

114 2417 176 2499 pnli
199 2418 434 2499 triumphantem,
457 2440 580 2484 ascenso
603 2423 686 2483 simul
710 2442 810 2501 curru,
832 2421 973 2502 usquein
997 2418 1114 2497 capno-

112 2503 182 2562 lium
201 2513 357 2580 prosecuta
377 2515 438 2584 est,
463 2526 500 2567 ne
523 2516 625 2567 vetare
644 2516 693 2568 aut
713 2508 895 2568 intercedere
917 2504 962 2564 ias
984 2502 1116 2578 cuiquam
1192 2515 1196 2521 ’

95 2610 98 2615 ·
112 2584 291 2647 tribunorum
306 2598 394 2650 esset.
894 2610 896 2615 ·

177 2666 225 2730 lix
243 2668 298 2733 hae
323 2676 414 2753 stirpe
433 2673 567 2734 Tiberius
588 2671 699 2733 Caesar
719 2676 813 2753 gentis
836 2670 936 2745 trahit,
957 2677 987 2727 et
1001 2664 1143 2745 quidom3

71 2757 104 2809 ‘sc
114 2752 282 2833 atramque:
304 2766 484 2835 paternuma
501 2755 620 2816 'l'ilserio
636 2756 770 2833 Nerone,
793 2761 951 2825 maternam
965 2750 1002 2811 ab
1016 2751 1115 2831 Appio

114 2835 256 2914 Pulchro,
277 2841 326 2917 qui
347 2840 431 2900 ambo
446 2840 526 2921 lippi
543 2839 631 2900 Caeci
653 2840 703 2900 filii
723 2840 846 2899 luerunt.
877 2834 1006 2895 insertus
1027 2843 1072 2895 est
1087 2843 1116 2893 et

112 2919 259 2982 Liviorum
279 2924 418 3003 familiae,
441 2924 580 3004 adoptato
601 2924 630 2983 in
653 2942 715 2984 eam
732 2924 861 2983 materno
873 2924 942 2980 avo.
976 2920 1058 2995 Quae
1074 2918 1114 2977 ia-

113 3003 210 3084 milia‚
235 3022 397 3087 quanquam
419 3008 552 3088 plebeia,
577 3018 672 3069 tamen
696 3016 727 3069 et
746 3009 811 3086 ipsa
836 3003 986 3065 admodum
1009 3004 1114 3079 lloruit,

2 3158 4 3162 ¹
113 3098 186 3149 aeto
201 3092 418 3168 consulatibus,
442 3095 573 3153 censuris
589 3091 716 3169 duabus,
738 3088 887 3171 triumphis
901 3088 1008 3164 tribus,
1027 3088 1113 3147 dieta-

76 3180 180 3233 sstnra
203 3174 289 3234 etiam
310 3193 346 3235 ae
361 3176 528 3253 magisterio
544 3177 670 3255 equitum
684 3174 839 3243 honoratn;
861 3174 939 3234 clara
954 3182 983 3233 et
997 3170 1114 3265 insigni·
1210 3192 1222 3207 ³

113 3254 169 3315 lus
188 3258 277 3335 viris,
300 3276 336 3319 ac
355 3260 478 3319 maxime
497 3262 661 3321 Salinatore
682 3258 851 3338 Drusisque.
889 3256 1035 3317 Salinator
1057 3268 1114 3312 um-

114 3356 219 3401 versas
238 3341 331 3401 tribus
345 3344 375 3402 in
390 3360 512 3403 censura
525 3346 636 3403 notarit
651 3345 775 3407 levitatis
789 3343 921 3417 nomine,
941 3338 1032 3417 quod,
1051 3350 1115 3392 cum

113 3440 148 3485 se
170 3433 240 3505 post
258 3427 385 3506 priorem
406 3426 584 3491 consulatum
607 3429 694 3491 multa
714 3430 847 3501 imorum
865 3422 1113 3493 condemnassent,
