2475 3775
254 597 298 680 o.
330 547 567 683 suuuoiu
594 554 940 697 damuante

120 777 238 878 uu
289 740 518 883 VITA
574 747 1126 940 causationi·

480 1013 482 1024 Α
511 958 693 1024 LIBERI.
728 1023 731 1028 ,
787 1017 791 1020 ,

405 1099 583 1191 nrvns‘
605 1117 800 1200 muns.
832 1180 835 1184 .

539 1274 672 1310 *dt*

75 1399 103 1456 '5'
173 1410 319 1464 Suetonius
333 1413 373 1462 ait
388 1414 417 1462 in
428 1412 487 1464 vita
499 1413 643 1494 Caesarie,
660 1433 792 1483 respousa
802 1433 862 1469 esse
877 1418 942 1468 data
954 1436 1002 1484 per
1013 1424 1100 1470 totum

17 1547 22 1557 ,
103 1494 211 1558 orbem,
226 1495 304 1548 nasei
316 1494 449 1567 invictam
463 1497 663 1562 imperatorem.

571 1599 685 1657 Seruius
700 1603 739 1657 ad
760 1601 841 1674 Verq.
859 1601 927 1658 Aen.
944 1607 975 1668 6,
996 1605 1058 1659 799.

538 1789 672 1824 *ῆι*

170 1982 282 2041 Annum
303 2000 397 2059 agens
411 1992 523 2045 sextum
544 1984 684 2045 deoirnnm
699 1992 810 2063 panem
824 1983 932 2059 amisit;
957 1981 1128 2061 sequenti-1

106 2066 222 2152 busque
236 2066 402 2127 oonsulibus
412 2068 516 2133 flamen
529 2067 621 2129 Dialis
635 2068 812 2145 destinatus,
826 2068 941 2127 dimissa
956 2064 1100 2144 Cossutia,

71 2170 97 2211 ιο
108 2168 184 2227 qnae
199 2150 305 2209 familia
317 2154 444 2228 equestri
459 2151 510 2211 sed
526 2152 677 2213 admodum
688 2152 770 2215 dives
781 2160 962 2230 praetextato
976 2150 1100 2230 despon

107 2233 301 2309 sata-iuerat,
325 2233 488 2297 Corneliam
511 2234 618 2297 Cinnae
641 2246 742 2315 quater
763 2236 891 2297 consulis
914 2236 1001 2296 [iliam
1021 2236 1102 2295 duxit

107 2334 246 2392 uxorem,
268 2334 306 2376 ex
321 2335 375 2395 qua
390 2319 431 2379 illi
450 2337 519 2379 nox
533 2320 604 2381 Iulia
619 2330 685 2381 nata
701 2330 760 2391 est;
783 2338 879 2399 neque
893 2328 924 2379 ut
937 2320 1108 2397 repudiaret.

62 2429 65 2433 ·
107 2400 247 2479 compelli
261 2400 433 2462 a-dintatore
449 2401 528 2463 Sulla
547 2404 708 2465 ullomodo
721 2404 821 2481 potuit.
851 2405 948 2478 Quare
961 2413 991 2462 et
1004 2420 1100 2462 sacer·

107 2484 189 2544 dotio
202 2492 230 2542 et
241 2486 342 2545 uxoris
353 2485 419 2545 dote
432 2495 460 2545 et
472 2487 616 2563 gentilicis
629 2487 833 2547 hereditatibus
845 2486 993 2561 multatus,
1006 2486 1100 2544 diver-

68 2590 96 2630 15
107 2586 204 2627 aarum
216 2569 337 2646 partium
350 2568 518 2645 habebatur,
531 2580 559 2629 ut
573 2572 658 2629 etiam
669 2570 847 2629 discederes
858 2568 953 2628 medio
965 2578 994 2627 et
1006 2586 1100 2645 quana

107 2670 194 2730 quam
208 2651 311 2711 morbo
329 2663 483 2730 quartanae
498 2652 674 2729 adgravante
688 2670 782 2732 prope
796 2670 849 2730 per
861 2650 1101 2727 singulas-noctes

107 2743 290 2796 commutare·
305 2736 432 2797 latebras
450 2745 623 2813 cogeretur,
644 2754 735 2814 seque
755 2735 792 2795 ab
815 2730 1029 2813 inquisitoribus
1051 2753 1101 2812 pe
1137 2775 1142 2782 ι

106 2820 193 2879 onnia
215 2819 368 2889 redimeret
375 2844 385 2890 ;,
401 2820 496 2882 donee
517 2837 570 2899 por
590 2820 718 2895 virgines
740 2819 893 2895 Vestales,
912 2835 1024 2897 perque
1042 2818 1101 2879 tta-

105 2920 236 2963 mertum
250 2902 402 2965 Aemilium
419 2912 448 2963 et
462 2902 608 2963 Aurelium
627 2902 739 2963 Cottam
753 2902 936 2981 propinquos
948 2912 979 2970 et
993 2902 1102 2963 adduas

66 3009 96 3050 20
107 3004 180 3046 suos
195 2989 307 3047 veniam
323 2988 494 3068 impetravit.
521 2987 599 3046 Satis
608 2994 720 3046 constat
735 2986 857 3074 Sullam,
870 3005 933 3046 oum
945 2986 1101 3065 deprecan-

106 3070 186 3131 tibus
209 3071 388 3132 amicissimis
413 3080 442 3131 et
461 3069 648 3131 ornatissimis
661 3070 731 3128 viris
751 3070 913 3147 aliquandiu
928 3069 1105 3147 denegasset

105 3164 196 3234 atque
208 3154 252 3215 illi
267 3156 451 3234 pertinaeiter
462 3154 689 3228 contenderent,
704 3164 898 3233 expugnatum
910 3154 1024 3215 tandem
1036 3170 1102 3231 qro-

105 3238 270 3315 olamasse‚
295 3241 357 3299 sive
381 3238 514 3300 divinitus
534 3238 598 3297 sive
618 3237 716 3315 aliqua
742 3241 923 3314 conaturi,
949 3239 1103 3297 uincerent

104 3339 147 3383 ao
160 3320 224 3384 sibi
237 3320 400 3399 baberent,
417 3320 488 3381 dnm
496 3321 587 3383 modo
599 3322 714 3383 sairam
727 3340 809 3399 mm,
825 3338 911 3403 qoem
923 3320 1103 3382 ineolumem
1127 3371 1135 3375 .

103 3412 195 3471 tanto
223 3423 317 3485 opere
343 3412 504 3487 wedrad,
532 3405 715 3488 quandoque
734 3399 1102 3547 opmaaqymnaa
