2475 3775
452 171 657 220 PRAEFATIO·
789 191 799 222 x
942 171 1005 220 htx
1020 191 1024 196 ’

96 350 112 389 6
129 330 258 403 plurimis
271 330 423 409 inspectus.
461 331 565 387 Primus
581 330 653 386 enim
669 313 845 384 lt'l’itboeus
860 330 895 385 ad
910 322 1000 387 Taciti

96 416 240 485 dialogum
250 432 275 469 a.
291 420 359 476 1680
375 414 478 470 editum
490 416 562 469 lrunc
578 414 679 469 librum
696 410 858 487 (exemptor
873 411 1001 469 Italicum

96 494 182 570 dicit)
198 498 345 562 consuluit,
361 496 453 553 olari.
466 498 496 552 E.
505 494 856 569 EggerinZimmermaoni
864 496 1000 552 Zeitscbr.

96 582 117 637 l.·
132 582 161 638 d.
175 579 249 635 AW.
266 586 333 641 1836
352 599 379 652 p.
393 587 443 641 337
458 598 520 654 sqq.
536 582 587 637 sed
599 579 786 636 Suetonianae
804 593 914 649 quoque
928 579 1002 651 parti

96 666 197 732 eodem
211 680 284 721 anno
300 680 412 735 operam
426 665 516 721 datam
531 664 616 719 leetio
631 665 754 733 incipere
767 680 795 734 p.
812 667 873 733 271,
891 668 923 721 14
936 679 1003 734 per-

95 749 213 818 suadet,-
232 766 247 804 a
264 747 380 803 Pithoeo
396 747 424 803 in
439 748 612 820 praefatione
629 748 664 802 ad
681 744 845 812 Quintiliani
862 746 1002 802 declama-

94 832 190 889 tiones
205 847 221 885 e
238 836 288 887 oet.
300 844 349 885 suo
365 833 521 903 coemptam
531 823 695 903 proditam).
740 828 885 884 Secundus
900 836 944 886 eat
956 829 1001 885 la-

95 913 378 985 conresurgamus,
397 915 475 969 cuius
485 914 663 979 collationem
677 914 714 969 ad
723 912 1000 983 marginesl’ulman-

95 998 197 1055 nianae
218 996 349 1063 editionis
373 998 539 1069 adscriptam
559 997 738 1063 Gasanbonus
760 1014 785 1052 a.
803 1002 869 1055 1696
891 994 1001 1070 accepit

96 1088 125 1137 et
141 1096 197 1151 ego
211 1079 349 1139 beneflcio
366 1080 396 1135 G.
412 1082 439 1135 b.
456 1081 527 1138 Stoi
539 1080 622 1151 geri
632 1081 665 1136 V.
683 1079 713 1135 G.
729 1079 917 1136 bibliothecae
932 1071 1000 1137 Ber-v

95 1164 193 1220 nensis
208 1162 345 1235 praelecti
360 1163 433 1218 domi
449 1165 542 1221 babui.
575 1163 683 1227 Deinde
698 1180 723 1221 a.
739 1168 808 1222 1610
821 1161 1000 1219 casaubonus

95 1247 199 1303 librum
221 1247 311 1317 ipsum
342 1246 462 1303 alaulo
487 1248 600 1304 Petavio
635 1246 835 1302 commodatum
865 1246 1000 1318 inspexit.

95 1329 197 1386 Postea
215 1329 304 1387 isaaci
321 1330 416 1386 Vossii
432 1331 564 1401 collatio,
578 1346 652 1401 quaa
666 1330 768 1385 leidae
784 1335 955 1399 asservatur,
973 1335 1002 1384 et

94 1414 251 1469 Bur-manno
273 1418 301 1467 et
314 1411 516 1485 Oudendorpio
533 1420 646 1487 praesto
663 1412 724 1468 luit.
767 1410 868 1466 Nostro
886 1411 1000 1467 sacculo
1040 1409 1044 1420 “

93 1496 233 1551 Friderioi
247 1495 320 1567 Aug.
336 1494 418 1551 Woll
429 1498 561 1569 precibus
577 1499 728 1553 obsecutus
741 1494 875 1563 biclaro,
897 1493 999 1550 deinde

93 1596 174 1635 suam
189 1578 339 1639 editionem
360 1596 534 1651 praeparans
544 1580 651 1648 Osann,
671 1578 792 1649 deniquo
811 1594 840 1633 a.
856 1582 923 1636 1866
945 1594 999 1647 ego

95 1668 124 1718 et
133 1661 317 1720 amicissimus
332 1661 483 1719 lacobus
501 1665 682 1729 llnnnilrer
698 1659 912 1733 diligentissima
924 1676 1001 1717 com·

94 1746 265 1821 paravimus.

158 1828 209 1885 llis
230 1827 343 1902 scriptis
360 1828 440 1888 libris
464 1828 771 1900 editionesimpressae
792 1826 927 1882 addantur
941 1826 998 1881 ln-

96 1919 196 1969 certa
216 1919 244 1976 et
259 1914 393 1969 Veneta
411 1931 436 1969 a.
452 1919 530 1983 1474,
548 1915 577 1968 16
596 1913 695 1984 quibus
712 1917 740 1965 et
755 1909 826 1981 ipsis
844 1910 931 1965 ludex
949 1910 999 1965 dc-

96 1995 245 2052 si-derator.
764 2024 768 2030 ·

164 2186 213 2253 36)
234 2187 389 2238 Difficillime
409 2189 521 2252 quaestio
543 2188 598 2238 risa
619 2194 659 2236 eat
680 2187 711 2237 de
734 2187 831 2239 Pithoei
852 2188 937 2238 codice
952 2187 999 2237 ali-
1067 2202 1075 2217 ·

98 2273 161 2322 qno,
188 2272 262 2320 quem
283 2257 314 2306 N.
331 2257 411 2308 Faber
426 2256 459 2306 ad
481 2256 513 2306 M.
531 2255 652 2306 Senonum
667 2255 807 2318 rhetorem,
833 2256 998 2307 casaubonus

95 2327 123 2376 in
137 2333 244 2388 utraque
263 2325 382 2388 editione,
399 2325 515 2375 Andreas
534 2323 651 2375 Schottus
667 2326 694 2375 in
712 2324 934 2377 Observationibns
950 2324 998 2374 hn-

95 2395 178 2444 manis
202 2407 226 2457 p.
246 2392 280 2442 28
302 2409 358 2457 sqq.
381 2392 537 2459 Bongarsius
560 2394 586 2442 in
609 2393 725 2458 exemplo
744 2394 867 2444 Bernensi
888 2409 997 2445 comme-

95 2470 271 2522 moraverunt,
289 2476 362 2511 nemo
381 2463 450 2512 vidit.
486 2461 523 2509 Ea
539 2461 675 2511 difficultas
692 2463 744 2511 iam
758 2463 841 2512 soluta
856 2470 908 2521 est,
926 2468 997 2526 post-

97 2543 172 2594 quam
197 2528 295 2578 Veneta
322 2529 397 2580 editio
423 2531 451 2578 a.
469 2530 537 2580 1474
562 2544 576 2577 6
601 2531 713 2580 tenebris
736 2530 846 2579 emersit.
882 2529 946 2578 Nam
970 2535 998 2576 ut

95 2598 185 2664 paucis
201 2597 330 2647 absolvam
346 2613 399 2647 rem
413 2597 498 2646 multis
514 2597 598 2646 verbis
612 2612 662 2646 non
675 2598 787 2663 dignam,
806 2613 821 2646 a
836 2595 940 2646 Pithoeo
953 2611 999 2643 ex-

96 2665 207 2730 emplum
229 2667 332 2730 aliquod
352 2667 502 2730 impressum
521 2665 733 2715 consoribillatum
758 2666 806 2715 luit
823 2663 997 2715 collationibus

96 2734 224 2792 duabus..
239 2735 318 2784 altera
340 2735 397 2784 libri
415 2733 524 2798 Parisini
547 2732 629 2794 7773,
655 2734 734 2783 altera
752 2732 869 2782 editionis
886 2731 998 2780 Venetae

96 2817 121 2854 6.
143 2801 218 2852 1474.
255 2803 306 2852 Ε66
323 2803 389 2852 duae
404 2799 549 2850 collationes
567 2815 624 2850 cum
640 2817 654 2849 a
671 2801 774 2850 Pithoeo
792 2800 899 2848 obscure
915 2800 998 2864 signi-

95 2871 186 2920 ficatae
200 2879 298 2933 essent,
317 2871 411 2920 lactum
428 2875 466 2918 est
483 2876 510 2917 ut
532 2869 575 2931 qui
592 2869 634 2918 illo
652 2869 766 2933 exemplo
781 2875 910 2918 uterentur
920 2868 995 2917 modo

95 2945 171 2988 notas
189 2937 372 2989 contunderent
391 2938 467 3004 (sicut
483 2952 539 2985 cum
555 2951 581 3000 p.
600 2937 660 2997 257,
677 2936 710 2987 23
731 2939 876 2999 recitarent,
892 2953 918 3002 p.
936 2936 995 2998 266,

95 3007 113 3056 2
128 3007 231 3064 animoa,
248 3022 312 3070 quae
328 3007 447 3056 lectiones
463 3005 490 3055 in
506 3005 621 3054 Parisino
639 3006 805 3070 reperiuntur,
823 3005 949 3056 ePitboei
966 3004 997 3052 li-

95 3077 142 3126 bro
161 3075 309 3138 attulerant)
325 3075 400 3125 modo
416 3073 514 3124 Pitheci
527 3074 686 3122 membranas
700 3074 855 3138 appellarent
873 3089 937 3137 quae
953 3088 997 3120 ve-

95 3151 137 3193 tus
154 3143 231 3192 editio
250 3145 356 3193 dicenda
378 3144 434 3193 suit.
471 3144 508 3192 De
525 3143 646 3192 universa
662 3157 690 3191 re
708 3157 759 3191 non
777 3141 842 3192 falso
863 3157 910 3192 nos
931 3142 997 3190 iudi-

95 3227 182 3272 casse,
198 3213 359 3278 comprobent
374 3212 492 3262 lectiones
508 3228 535 3276 p.
555 3210 614 3271 259,
633 3211 666 3261 18
682 3213 819 3276 principem
830 3210 941 3272 Romae,
962 3207 997 3258 20

96 3282 243 3342 declarare,
261 3280 294 3331 32
304 3282 449 3345 insontium·
465 3296 491 3345 p.
499 3279 559 3342 262,
577 3279 594 3328 8
608 3295 691 3329 remon
702 3279 883 3338 Romanunm
898 3294 923 3345 p.
936 3276 996 3335 266,

96 3349 130 3400 19
147 3351 264 3400 militaria
281 3365 373 3406 rernm
399 3364 425 3415 p.
445 3349 504 3410 267,
522 3348 539 3399 9
557 3347 670 3398 Siccam
686 3348 780 3400 Romae
800 3362 925 3412 nusquam
947 3344 997 3394 nisi

96 3418 165 3484 apud
180 3417 311 3468 Pithoeum
329 3425 353 3467 et
370 3419 396 3466 in
411 3417 505 3467 Veneta
519 3417 628 3467 editione
646 3418 773 3470 inventae.
