2475 3775
514 140 743 203 pomoranus.
820 187 823 200 ,
1013 205 1020 216 N
1064 139 1126 202 247

100 340 104 345 -
129 317 190 360 nou
203 297 342 359 absimilis
356 297 495 375 magistro
509 295 671 380 videbatur,
686 295 806 369 occidit
829 301 898 360 item
913 301 1141 382 Hermogenem„

131 382 306 444 Tarsensem
323 389 446 463 propter
463 380 600 460 quasdam
619 383 649 440 in
669 381 790 444 historia
804 384 928 462 figuras,
949 385 1126 452 librarieet·

39 544 46 551 .
129 469 200 545 iam,
227 468 361 546 quicum
386 465 618 544 descripserant,
641 465 720 526 cruci
741 465 816 527 lunis.
860 467 1126 565 PQU..„Q³‚

16 567 24 576 ·
131 549 208 630 quod
223 551 364 611 Threcem
382 549 557 624 murmilloni
577 566 693 627 parem,
710 553 872 612 munerario
890 553 1027 632 imparem
1048 555 1126 616 dixc·

103 644 183 712 orat,
198 635 357 695 detractum
373 633 550 713 spectaculis
565 635 596 692 in
609 633 762 712 harenam,
780 635 898 697 canibus
915 636 1041 715 obietit,
1063 654 1127 700 oum

128 718 187 779 lroc
201 718 302 779 titulo:
317 716 416 797 impie
429 717 553 778 locutae
562 719 789 797 parmularius.
863 751 864 754 ¹
992 745 995 750 ¹

194 801 370 881 Complures
385 810 548 879 senatores,
564 803 595 861 in
603 802 639 862 iis
650 802 762 883 aliquot
776 804 955 884 consulares,
968 807 1126 881 interemit;

128 904 168 946 ex
184 886 287 965 quibus
304 885 431 948 civicam
447 884 599 947 Cerealem
611 887 716 967 inipso
728 883 818 950 Asia'e
831 890 1048 970 proconsulatu,
1064 893 1126 954 Sal·

127 970 271 1030 vidienum
287 970 416 1048 Orfitum,
430 969 554 1030 anitium
570 968 756 1032 Glabrionem
770 973 799 1032 in
815 973 921 1050 exilio,
941 976 1030 1057 quasi
1044 977 1126 1037 moli·
1158 1018 1161 1024 «

89 1077 119 1119 1o
127 1059 210 1115 to'res
224 1072 319 1114 rerum
334 1066 486 1124 novarum
503 1063 620 1115 ceteros
634 1055 779 1116 levissima
801 1074 944 1138 quemque
965 1057 1001 1138 dc
1024 1075 1129 1128 causac

127 1138 244 1199 Aelium
258 1139 381 1200 Lamiam
398 1137 437 1198 ob
451 1140 635 1217 suspiciosos
651 1139 781 1217 quidem,
801 1150 946 1221 vcrumct
963 1153 1080 1217 veteres
1096 1153 1127 1204 et

71 1255 81 1274 ι
126 1223 262 1290 innoxios
276 1225 374 1299 iocos,
389 1222 477 1300 *quod
494 1229 563 1301 post
579 1222 731 1283 abductam
745 1225 866 1302 umorem
881 1224 1006 1288 laudanti
1021 1239 1127 1288 vocem

73 1366 77 1373 ,
127 1325 207 1367 suam
223 1315 373 1379 cntocto
389 1305 515 1383 dixerat,
531 1305 668 1385 quodque
684 1305 748 1368 l'ito
764 1306 889 1367 hortanti
905 1309 990 1369 se'ad
1005 1311 1126 1370 alterum
1225 1383 1226 1386 Ἴ

127 1393 335 1451 matrimonium
366 1389 577 1468 responderat:
606 1379 667 1470 Μὴ
689 1384 744 1450 καὶ
766 1379 809 1450 σὺ
829 1388 975 1472 γαμῆσαι
997 1389 1127 1468 autom
1153 1413 1163 1430 r

90 1492 119 1534 15
129 1475 257 1535 Salvium
272 1473 488 1554 Cocceianum,
513 1474 591 1552 quod
612 1473 734 1534 othonis
753 1476 937 1554 imperatoris
962 1479 1069 1562 Qud„
1083 1479 1127 1536 sui

128 1560 205 1619 diem
219 1558 343 1625 natalem
360 1557 577 1627 celebraverat;
593 1558 722 1619 blettlum
736 1558 967 1638 Pompusianum,
985 1551 1064 1638 quod
1076 1561 1125 1620 lta·

127 1643 200 1702 bere
220 1643 434 1726 imperatoriam
454 1642 585 1720 genesim
601 1642 691 1720 vulgo
714 1642 875 1721 ferebatur,
898 1653 927 1703 et
947 1645 1024 1723 quod
1045 1642 1126 1724 depi-

128 1736 205 1789 ctum
223 1720 323 1797 orbem
338 1736 434 1786 terrae
449 1729 478 1785 in
493 1722 658 1786 membrana
674 1727 884 1806 contionesque
905 1746 1006 1804 regum
1027 1743 1062 1788 ac
1076 1727 1125 1786 du·
1162 1799 1166 1804 .

91 1828 96 1836 ·
128 1827 193 1872 cnm
209 1828 248 1868 ex
262 1809 327 1870 'lito
341 1801 426 1869 Livio
439 1805 654 1888 circumferret,
675 1810 809 1890 quodque
825 1812 918 1870 servis
938 1811 1051 1871 nomina
1067 1809 1125 1872 Illa·

88 1895 213 1979 2ogonis
230 1903 260 1954 et
271 1894 438 1955 Hannibalis
448 1894 614 1975 indidissem
632 1894 796 1955 Sallustium
806 1894 953 1956 Lucullum
962 1892 1127 1955 Britanniae

127 1981 264 2056 legatum,
282 1978 359 2057 quod
374 1979 493 2039 lanceas
509 1994 603 2039 notae
613 1977 726 2039 formae
739 1978 881 2057 appellari
892 1972 1045 2041 Luculleas
1059 1996 1125 2059 pes·

127 2081 178 2124 sus
194 2070 287 2132 esset3
305 2060 414 2122 lunium
432 2062 590 2139 Rusticum,
610 2062 688 2140 quod
703 2063 785 2124 Paeti
799 2061 947 2124 Thraseae
969 2071 999 2123 et
1012 2062 1127 2123 Helvidi

128 2146 221 2207 Prisci
237 2146 338 2216 laudes
350 2146 490 2246 effidisuqt
502 2146 741 2229 appellassetque
753 2164 806 2206 cos
817 2148 1017 2207 sanctissimos
1028 2149 1125 2216 viros;

129 2232 210 2291 cuius
231 2232 356 2291 criminis
380 2247 538 2291 occasione
562 2210 871 2310 philosophostiums
892 2231 964 2291 urbe
985 2229 1126 2311 Italiaque

87 2338 120 2387 aa
129 2316 289 2375 summovit.
323 2314 437 2392 Occidit
450 2324 480 2375 et
493 2313 657 2376 Helvidium
672 2313 774 2393 lilium,
798 2316 1036 2394 quasiscaenico
1054 2332 1125 2375 exo·
1180 2326 1183 2335 ·

128 2400 175 2459 dio
197 2398 250 2457 sub
275 2417 363 2482 perso
424 2398 535 2475 Rau-„ldis
562 2408 591 2459 et
611 2394 747 2460 Oenones
774 2399 936 2459 divortium
952 2416 1033 2458 suum
1062 2414 1127 2457 cam

128 2466 220 2543 dicre
235 2489 351 2543 taxasse
372 2482 522 2553 3Flavium
536 2482 670 2547 Sabinum
682 2483 802 2543 alterurn
815 2502 832 2543 e
844 2481 1032 2561 patruelibus,
1048 2478 1127 2558 quod
1147 2492 1151 2500 ’

128 2568 390 2627 enmcomitiornm
406 2566 600 2644 consularium
617 2567 663 2625 die
679 2566 853 2644 destinatum·
870 2578 1023 2644 perperam
1042 2578 1125 2640 prae·

130 2646 172 2711 cc.
181 2668 239 2710 non
253 2650 403 2712 consulem
414 2648 450 2709 ad
461 2648 608 2727 populum,
623 2641 890 2728 sedimperatorem
902 2646 1125 2726 pronuntiasset

88 2752 120 2793 oo
191 2735 301 2793 Verum
329 2728 477 2811 aliquanto
503 2739 571 2811 post
600 2730 694 2791 civilis
725 2729 796 2791 belli
825 2728 976 2789 victoriam
1001 2730 1125 2807 saevior,

130 2820 290 2900 plerosque
309 2816 401 2896 'partis
422 2815 582 2890 adversae,
605 2812 671 2874 dum
692 2816 778 2889 etiam
796 2814 912 2876 latentis
930 2814 1067 2875 conscios
1084 2815 1125 2874 in·

129 2902 271 2978 vestigat,
296 2918 375 2961 novo
401 2901 579 2979 quaestionis
602 2916 716 2975 genere
742 2896 889 2981 distorsit,
910 2899 1044 2958 immisso
1073 2912 1126 2978 per

130 2985 279 3047 obscaena
295 2986 379 3063 igne3
396 2978 542 3045 nonnullis
556 2991 587 3043 et
599 2998 699 3043 manus
714 2985 879 3062 amputavit.
900 2984 1045 3062 -Satisque
1057 3000 1125 3042 con·

130 3079 203 3146 stat,
227 3068 301 3128 duos
323 3068 404 3129 solos
425 3086 443 3128 e
462 3067 623 3128 notioribus
638 3066 724 3127 venia
747 3066 884 3143 donatos,
905 3066 1047 3127 tribunum
1062 3063 1125 3126 lati·

87 3174 121 3217 es
132 3154 256 3216 clavium
272 3160 302 3212 et
317 3152 527 3231 centurionem,
542 3154 590 3231 qul
601 3168 651 3227 se,
668 3166 725 3230 quo
741 3150 855 3211 facilius
870 3148 1126 3231 expertes'culpae

129 3237 335 3314 ostenderent,
360 3236 522 3316 impudicos
544 3236 743 3317 probaverant
761 3244 791 3295 ct
813 3234 850 3295 ob
872 3234 901 3294 id
927 3250 1023 3311 neque
1048 3229 1125 3309 apud

129 3322 233 3383 ducem
249 3339 343 3401 neque
360 3319 436 3400 apud
450 3322 556 3381 milites
570 3321 656 3381 ullius
673 3320 809 3381 momenti
825 3336 893 3379 esse
907 3313 1064 3398 .potuisse.'
1089 3325 1092 3331 ’
1130 3334 1133 3340 ·

191 3405 262 3481 Erat
277 3416 444 3483 autemnon
464 3406 557 3467 solum
575 3422 715 3485 magnae,
734 3403 786 3465 sed
805 3403 888 3465 etiam
901 3399 1022 3461 callidae
1032 3398 1124 3476 inopi»
1134 3406 1166 3461 11

1172 3634 1226 3735 A
