2475 3775
460 180 668 230 PRAEFATIO.
949 186 1010 234 m

99 338 294 401 rescribente
312 342 412 395 uxoris
425 341 485 411 filio
494 363 503 402 ,·
516 346 614 412 p.266‚
629 343 881 412 1466616616166,
897 348 931 404 37
943 344 1008 401 5666

98 425 212 480 collium
225 423 272 478 vel
289 424 351 479 indo
365 426 507 485 6666ιί66,Ι
525 442 552 496 p.
563 430 626 494 268,
645 431 680 483 10
693 427 855 495 intemplo.

165 508 223 563 Sed
239 514 352 579 praeter
371 524 404 562 ea
428 507 512 576 vitia,
537 508 717 579 corruptione
738 515 768 563 ut
792 510 822 564 111
842 508 924 564 latius
947 526 1008 565 ser·

98 598 203 664 pente,
222 590 289 647 libri
305 589 469 647 llarleianus
484 596 512 645 61
526 590 667 647 Parisinus
687 608 748 647 euni
768 587 938 649 editionibus
952 593 1008 649 Ve-

100 681 167 731 netn
186 681 216 731 et
238 674 300 729 lere
324 674 434 729 luoertn
453 674 524 729 haee
544 674 648 730 habent
663 674 831 731 eommunia:
855 675 1009 732 omiserunt

99 776 129 831 p·
147 764 217 828 252,
232 763 268 816 20
282 762 399 826 remoto,
413 772 443 828 p.
459 762 528 827 261,
542 762 578 816 24
592 765 648 821 esu
669 759 834 815 addiderunt
847 776 876 831 p.
890 764 959 830 268,
973 766 1007 819 31

100 848 131 897 et
143 847 207 912 269,
221 847 255 899 21
271 848 312 904 6,·
326 846 459 912 eorrupte
473 840 650 913 seripserunt
662 859 691 914 p.
706 848 769 912 260,
784 847 820 902 23
833 858 888 897 non
902 844 1007 915 impon-

99 927 175 987 6166·
198 943 225 998 p.
241 930 291 984 261
304 966 313 991 ,
328 931 346 985 8
364 926 440 980 omni
455 939 598 987 amanum
617 926 1009 998 62621266166616661,

100 1027 129 1081 p.
146 1014 210 1079 267,
226 1015 256 1067 11
277 1010 403 1080 quomens
416 1022 463 1070 se,-
483 1026 511 1081 p.
530 1014 592 1078 268,
607 1013 641 1067 21
657 1010 847 1071 6616666666,ο
863 1028 890 1081 p.
905 1015 1009 1081 mlo

98 1092 287 1164 meaque.
332 1092 399 1147 'lum
421 1091 513 1147 multis
538 1092 610 1149 loeis
632 1100 687 1149 tarn
705 1092 897 1150 Berolineusis
917 1095 1009 1151 eodan

101 1182 132 1232 et
146 1177 255 1233 Veneta
269 1170 412 1249 oditio⁸⁹)‚
430 1192 511 1247 qnam
525 1175 690 1232 llarleinnus
704 1183 734 1231 et
747 1176 889 1234 Parisinus
906 1178 1007 1247 codex,

101 1260 149 1331 qui
169 1265 286 1332 propter
306 1259 515 1316 similitudinem
535 1272 587 1331 pro
611 1276 667 1317 uuo
688 1260 788 1317 haberi
809 1268 941 1333 possunt,
962 1261 1007 1317 rel

99 1360 155 1400 una
171 1360 232 1399 eaor
254 1342 424 1399 editionibus
439 1344 545 1399 Veneta
560 1349 589 1399 et
603 1342 710 1399 ineerta
717 1338 752 1418 ⁴⁰)
767 1344 814 1400 rel
832 1339 1008 1416 661140366-

99 1427 233 1483 vissimos
249 1441 362 1483 errores
377 1425 554 1483 admiserunt.
765 1476 768 1479 ,

167 1510 242 1567 Satis
260 1511 476 1567 demonstratum
493 1526 558 1567 esse
571 1511 693 1583 videtur,
713 1512 743 1567 id
758 1511 833 1583 qnod
845 1511 949 1567 dooere
964 1510 1114 1584 in-oerrern
1123 1538 1167 1565 ms-

99 1594 258 1677 stitnimus,
279 1594 380 1651 nullam
401 1610 465 1649 asse
480 1594 650 1666 posterioris
668 1594 782 1666 generis
804 1573 1165 1669 666161116166.’10(ἷξξξ,“,ἰ“’

99 1679 217 1735 Restant
230 1676 335 1750 prioris
352 1677 476 1733 lumiliae
490 1677 557 1735 libri
575 1679 649 1734 bene
664 1679 761 1735 eollati
775 1686 849 1749 tres,
864 1678 1008 1735 leidensis

101 1761 245 1819 Gudianus
260 1766 290 1816 et
305 1760 466 1816 Florentius
482 1760 581 1829 editio,
599 1762 700 1831 quibus
711 1778 846 1833 quaenam
860 1763 932 1817 ratio
948 1778 1010 1817 eum

98 1844 262 1920 posteriore
273 1860 379 1916 genere
393 1840 551 1901 intercedat
565 1850 595 1900 et
607 1845 745 1916 quomodo
759 1846 832 1901 inter
847 1844 944 1916 seipsi
960 1860 1009 1901 eo-

98 1932 237 1987 haereant
259 1928 315 1984 ianr
329 1928 478 1986 videndum
492 1933 543 1984 ast.
587 1927 624 1984 Et
637 1929 794 1986 deteriores
811 1927 921 1997 quidem
942 1928 1007 1983 libri

101 2030 163 2070 oum
184 2013 261 2069 nullo
276 2012 411 2070 bonorum
433 2004 590 2086 saopins⁴²)
606 2011 768 2084 conspirant
782 2027 862 2084 qnam
878 2010 1009 2068 616666-

99 2141 305 2155 m

172 2209 220 2277 69)
238 2213 267 2266 Ε.
284 2228 306 2265 6.
324 2215 463 2264 omiserunt
480 2229 506 2278 p.
526 2213 591 2271 257,
619 2210 652 2260 15
675 2211 701 2260 in
718 2208 816 2268 orbern,
842 2207 874 2258 17
891 2207 1007 2265 Ρ61616,·

99 2297 126 2347 p.
140 2283 201 2341 265,
221 2281 251 2332 11
267 2282 416 2346 philosophi,
433 2281 467 2333 35
479 2283 594 2347 Asprum
606 2282 681 2330 etiarn
693 2280 834 2328 insinuatas
845 2284 900 2336 est,·
912 2275 1006 2343 6266,

100 2349 134 2400 18
150 2349 270 2401 maranen
287 2360 419 2416 6166666,
436 2351 588 2401 addiderunt
605 2363 632 2412 p.
651 2348 711 2409 257,
730 2346 762 2397 21
781 2353 853 2404 enan&
869 2361 895 2411 p.
912 2344 972 2406 266,
990 2343 1007 2395 6

100 2419 174 2479 Mem,
188 2420 222 2470 14
235 2420 348 2479 diceban
366 2437 392 2486 p.
405 2419 470 2480 204,
487 2417 503 2468 3
516 2419 602 2470 aedem
620 2425 668 2466 eto.

168 2483 356 2550 4016666661
373 2505 396 2538 e.
416 2503 437 2538 6.
456 2487 516 2536 ude
532 2503 557 2554 p.
576 2485 642 2545 260,
660 2484 708 2543 68;
726 2482 828 2533 Romam
845 2497 871 2547 p.
890 2480 957 2542 261,
977 2481 1007 2538 1;

101 2556 220 2606 Hermam
230 2572 258 2622 p.
269 2556 328 2620 261,
346 2557 396 2617 32⁴3
411 2556 533 2622 praebent
550 2571 575 2622 p.
587 2554 647 2615 201,
664 2555 699 2604 22
716 2553 853 2613 evernplrou
869 2562 915 2614 pro
930 2549 1006 2609 filiano

101 2633 148 2675 616.

169 2691 219 2756 41)
242 2691 372 2757 Exemplis
397 2706 448 2742 nou
475 2707 540 2757 opus
565 2699 611 2742 est.
656 2691 710 2740 lloo
730 2697 828 2739 tantum
852 2687 1005 2743 demonstro,

100 2760 247 2812 Parisinum
265 2761 356 2810 librum
374 2760 508 2810 Harleisno
526 2759 655 2822 eliquanto
673 2759 787 2824 peiorem
808 2770 874 2806 esse.
910 2752 1006 2802 Parisi-

101 2844 152 2878 nus
170 2832 238 2879 enim
256 2829 341 2879 omisit
356 2827 435 2878 haee:
453 2843 481 2894 p.
498 2827 558 2888 261,
578 2827 612 2877 25
629 2836 716 2889 notua,
732 2843 759 2892 p.
778 2824 840 2885 264,
856 2821 1005 2884 22661166,

99 2914 127 2963 p.
149 2896 216 2960 265,
235 2897 269 2950 66
285 2899 437 2962 permansit,
456 2912 483 2962 p.
503 2895 570 2948 260.
586 2893 619 2946 31
638 2897 759 2955 onmium·
770 2910 796 2959 p.
811 2891 877 2954 267,
893 2893 909 2942 7
929 2891 1007 2941 donee

100 2965 187 3015 taedio
203 2967 240 3016 ad
254 2967 340 3016 616666
357 2982 386 3016 se
401 2968 515 3029 6666661,
534 2961 570 3015 20
585 2965 722 3028 weduna,
739 2978 764 3028 p.
782 2961 849 3022 270,
868 2961 899 3012 ll
918 2960 1007 3024 appel·

100 3037 155 3092 lat,-
178 3034 247 3084 idem
269 3044 387 3100 corrupte
404 3033 506 3086 exhibet
521 3049 549 3099 p.
566 3033 630 3094 250,
652 3031 807 3095 65661616,
831 3046 857 3097 p.
878 3028 946 3091 260,
972 3027 1007 3079 30

97 3098 757 3232 222122212122262222
778 3097 1007 3218 222222

134 3239 219 3290 bendn
237 3248 290 3302 est,
308 3237 459 3290 Harleianus
477 3239 559 3290 codex
574 3239 722 3303 inquinatus
739 3250 790 3287 non
808 3244 854 3288 est.

171 3306 218 3372 42)
246 3308 364 3360 06166166
380 3307 491 3358 66165116
513 3307 658 3374 exemplum
681 3314 720 3357 est
743 3321 770 3372 p.
789 3305 854 3366 260,
880 3306 914 3356 15
932 3306 1009 3367 pum

100 3377 192 3439 610166,
207 3392 271 3441 quae
280 3375 441 3445 interpolatio
451 3375 483 3428 de
494 3375 568 3429 nonis
580 3375 652 3429 libris
663 3376 744 3429 solam
757 3374 892 3426 editionem
903 3373 1008 3424 Floren-

100 3448 181 3498 tinum
193 3446 333 3514 oocuparit.
