<?xml version="1.0" encoding="UTF-8"?>
<!DOCTYPE html PUBLIC "-//W3C//DTD XHTML 1.0 Transitional//EN"
    "http://www.w3.org/TR/xhtml1/DTD/xhtml1-transitional.dtd">
<html xmlns="http://www.w3.org/1999/xhtml" xml:lang="en" lang="en">
 <head>
  <title>
</title>
<meta http-equiv="Content-Type" content="text/html;charset=utf-8" />
  <meta name='ocr-system' content='tesseract 3.04.00' />
  <meta name='ocr-capabilities' content='ocr_page ocr_carea ocr_par ocr_line ocrx_word'/>
</head>
<body>
  <div class='ocr_page' id='page_1' title='image "./csuetonitranqui03rothgoog_0060.png"; bbox 0 0 2475 3775; ppageno 0'>
   <div class='ocr_carea' id='block_1_1' title="bbox 219 152 759 200">
    <p class='ocr_par' dir='ltr' id='par_1_1' title="bbox 219 152 759 200">
     <span class='ocr_line' id='line_1_1' title="bbox 219 152 759 200; baseline 0 -1"><span class='ocrx_word' id='word_1_1' title='bbox 219 152 279 199; x_wconf 77' lang='lat' dir='ltr'><strong>niv</strong></span> <span class='ocrx_word' id='word_1_2' title='bbox 552 152 759 200; x_wconf 76' lang='lat' dir='ltr'><strong>PRAEFATIO.</strong></span> 
     </span>
    </p>
   </div>
   <div class='ocr_carea' id='block_1_2' title="bbox 79 309 1137 1383">
    <p class='ocr_par' dir='ltr' id='par_1_2' title="bbox 117 309 1118 867">
     <span class='ocr_line' id='line_1_2' title="bbox 117 309 1116 369; baseline -0.003 -2"><span class='ocrx_word' id='word_1_3' title='bbox 117 320 120 324; x_wconf 80' lang='grc'><strong>’</strong></span> <span class='ocrx_word' id='word_1_4' title='bbox 223 313 295 367; x_wconf 91' lang='lat' dir='ltr'><strong>mino</strong></span> <span class='ocrx_word' id='word_1_5' title='bbox 309 310 411 367; x_wconf 70' lang='lat' dir='ltr'><strong>lobeni</strong></span> <span class='ocrx_word' id='word_1_6' title='bbox 424 317 477 369; x_wconf 89' lang='lat' dir='ltr'><strong>eto.</strong></span> <span class='ocrx_word' id='word_1_7' title='bbox 493 309 575 367; x_wconf 78' lang='lat' dir='ltr'><strong>Iob‘e&#39;s</strong></span> <span class='ocrx_word' id='word_1_8' title='bbox 589 309 708 366; x_wconf 67' lang='lat' dir='ltr'><strong>albitius</strong></span> <span class='ocrx_word' id='word_1_9' title='bbox 725 310 867 365; x_wconf 83' lang='lat' dir='ltr'><strong>Tnsecnns</strong></span> <span class='ocrx_word' id='word_1_10' title='bbox 885 311 1033 365; x_wconf 75' lang='lat' dir='ltr'><strong>edometur</strong></span> <span class='ocrx_word' id='word_1_11' title='bbox 1051 325 1116 365; x_wconf 90' lang='lat' dir='ltr'><strong>con-</strong></span> 
     </span>
     <span class='ocr_line' id='line_1_3' title="bbox 223 389 1117 466; baseline 0 -16"><span class='ocrx_word' id='word_1_12' title='bbox 223 396 379 459; x_wconf 67' lang='lat' dir='ltr'><strong>nstonulis,</strong></span> <span class='ocrx_word' id='word_1_13' title='bbox 402 394 567 451; x_wconf 84' lang='lat' dir='ltr'><strong>invenerunt</strong></span> <span class='ocrx_word' id='word_1_14' title='bbox 581 393 696 448; x_wconf 88' lang='lat' dir='ltr'><strong>Pnrisiis</strong></span> <span class='ocrx_word' id='word_1_15' title='bbox 712 391 858 466; x_wconf 86' lang='lat' dir='ltr'><strong>(incunab.</strong></span> <span class='ocrx_word' id='word_1_16' title='bbox 882 389 1117 466; x_wconf 56' lang='lat' dir='ltr'><strong>no.1133)mea÷</strong></span> 
     </span>
     <span class='ocr_line' id='line_1_4' title="bbox 225 475 1116 550; baseline -0.003 -17"><span class='ocrx_word' id='word_1_17' title='bbox 225 495 277 549; x_wconf 90' lang='lat' dir='ltr'><strong>que</strong></span> <span class='ocrx_word' id='word_1_18' title='bbox 294 480 384 550; x_wconf 82' lang='lat' dir='ltr'><strong>gratia</strong></span> <span class='ocrx_word' id='word_1_19' title='bbox 398 476 611 547; x_wconf 81' lang='lat' dir='ltr'><strong>diligentissime</strong></span> <span class='ocrx_word' id='word_1_20' title='bbox 627 477 801 531; x_wconf 87' lang='lat' dir='ltr'><strong>contulerunt</strong></span> <span class='ocrx_word' id='word_1_21' title='bbox 815 478 970 532; x_wconf 90' lang='lat' dir='ltr'><strong>lacobus</strong></span> <span class='ocrx_word' id='word_1_22' title='bbox 987 475 1116 532; x_wconf 81' lang='lat' dir='ltr'><strong>Hunni·</strong></span> 
     </span>
     <span class='ocr_line' id='line_1_5' title="bbox 223 558 1118 629; baseline -0.003 -13"><span class='ocrx_word' id='word_1_23' title='bbox 223 562 289 617; x_wconf 87' lang='lat' dir='ltr'><strong>ker</strong></span> <span class='ocrx_word' id='word_1_24' title='bbox 315 560 456 619; x_wconf 84' lang='lat' dir='ltr'><strong>Helvetius</strong></span> <span class='ocrx_word' id='word_1_25' title='bbox 477 558 685 615; x_wconf 77' lang='lat' dir='ltr'><strong>etilndreas</strong></span> <span class='ocrx_word' id='word_1_26' title='bbox 709 560 849 629; x_wconf 80' lang='lat' dir='ltr'>Frigell</span> <span class='ocrx_word' id='word_1_27' title='bbox 872 560 987 615; x_wconf 75' lang='lat' dir='ltr'><strong>Suecus.</strong></span> <span class='ocrx_word' id='word_1_28' title='bbox 1032 560 1118 614; x_wconf 89' lang='lat' dir='ltr'><strong>Tran-</strong></span> 
     </span>
     <span class='ocr_line' id='line_1_6' title="bbox 225 636 1116 715; baseline -0.004 -15"><span class='ocrx_word' id='word_1_29' title='bbox 225 645 304 715; x_wconf 90' lang='lat' dir='ltr'><strong>quilli</strong></span> <span class='ocrx_word' id='word_1_30' title='bbox 315 645 427 701; x_wconf 87' lang='lat' dir='ltr'><strong>libellus</strong></span> <span class='ocrx_word' id='word_1_31' title='bbox 442 643 509 699; x_wconf 80' lang='lat' dir='ltr'><strong>tolia</strong></span> <span class='ocrx_word' id='word_1_32' title='bbox 525 642 576 698; x_wconf 85' lang='lat' dir='ltr'><strong>xv</strong></span> <span class='ocrx_word' id='word_1_33' title='bbox 582 642 757 711; x_wconf 86' lang='lat' dir='ltr'><strong>quaternaria</strong></span> <span class='ocrx_word' id='word_1_34' title='bbox 769 636 902 703; x_wconf 68' lang='lat' dir='ltr'><strong>tir-43⁶</strong></span> <span class='ocrx_word' id='word_1_35' title='bbox 915 642 1116 714; x_wconf 77' lang='lat' dir='ltr'>complectitur,</span> 
     </span>
     <span class='ocr_line' id='line_1_7' title="bbox 224 726 1115 799; baseline -0.003 -17"><span class='ocrx_word' id='word_1_36' title='bbox 224 728 322 799; x_wconf 75' lang='lat' dir='ltr'><strong>incipit</strong></span> <span class='ocrx_word' id='word_1_37' title='bbox 343 727 486 783; x_wconf 73' lang='lat' dir='ltr'><em>Suetonius</em></span> <span class='ocrx_word' id='word_1_38' title='bbox 502 726 536 781; x_wconf 85' lang='lat' dir='ltr'><strong>de</strong></span> <span class='ocrx_word' id='word_1_39' title='bbox 550 727 749 796; x_wconf 81' lang='lat' dir='ltr'><strong>prcmnnn&#39;cis,</strong></span> <span class='ocrx_word' id='word_1_40' title='bbox 773 726 874 783; x_wconf 87' lang='lat' dir='ltr'><strong>desinit</strong></span> <span class='ocrx_word' id='word_1_41' title='bbox 889 727 1014 795; x_wconf 81' lang='lat' dir='ltr'><strong>abstinuit</strong></span> <span class='ocrx_word' id='word_1_42' title='bbox 1028 726 1095 781; x_wconf 77' lang='lat' dir='ltr'><strong>nto.</strong></span> <span class='ocrx_word' id='word_1_43' title='bbox 1110 728 1115 790; x_wconf 80' lang='grc' dir='ltr'>Ι</span> 
     </span>
     <span class='ocr_line' id='line_1_8' title="bbox 223 808 424 867; baseline -0.015 -1"><span class='ocrx_word' id='word_1_44' title='bbox 223 810 325 867; x_wconf 81' lang='lat' dir='ltr'><em>LAVS</em></span> <span class='ocrx_word' id='word_1_45' title='bbox 338 808 424 866; x_wconf 74' lang='grc' dir='ltr'><em>ΒΕΘ.</em></span> 
     </span>
    </p>

    <p class='ocr_par' dir='ltr' id='par_1_3' title="bbox 79 891 1118 965">
     <span class='ocr_line' id='line_1_9' title="bbox 79 891 1118 965; baseline -0.003 -16"><span class='ocrx_word' id='word_1_46' title='bbox 79 898 214 940; x_wconf 82' lang='lat' dir='ltr'><strong>riorentins.</strong></span> <span class='ocrx_word' id='word_1_47' title='bbox 288 893 380 949; x_wconf 84' lang='lat' dir='ltr'><strong>Tertia</strong></span> <span class='ocrx_word' id='word_1_48' title='bbox 401 897 443 947; x_wconf 89' lang='lat' dir='ltr'><strong>est</strong></span> <span class='ocrx_word' id='word_1_49' title='bbox 465 891 673 948; x_wconf 84' lang='lat' dir='ltr'><strong>Florentina</strong></span> <span class='ocrx_word' id='word_1_50' title='bbox 694 891 780 947; x_wconf 90' lang='lat' dir='ltr'><strong>editio</strong></span> <span class='ocrx_word' id='word_1_51' title='bbox 802 910 827 949; x_wconf 86' lang='lat' dir='ltr'><strong>a.</strong></span> <span class='ocrx_word' id='word_1_52' title='bbox 846 899 914 953; x_wconf 74' lang='lat'><strong>1478</strong></span> <span class='ocrx_word' id='word_1_53' title='bbox 933 894 1068 965; x_wconf 90' lang='lat' dir='ltr'><strong>impressa</strong></span> <span class='ocrx_word' id='word_1_54' title='bbox 1090 897 1118 947; x_wconf 91' lang='lat' dir='ltr'><strong>et</strong></span> 
     </span>
    </p>

    <p class='ocr_par' dir='ltr' id='par_1_4' title="bbox 117 974 1137 1383">
     <span class='ocr_line' id='line_1_10' title="bbox 117 974 1119 1048; baseline -0.008 -12"><span class='ocrx_word' id='word_1_55' title='bbox 117 1032 119 1036; x_wconf 87' lang='lat'><strong>.</strong></span> <span class='ocrx_word' id='word_1_56' title='bbox 224 978 301 1035; x_wconf 86' lang='lat' dir='ltr'><strong>loliis</strong></span> <span class='ocrx_word' id='word_1_57' title='bbox 319 974 504 1048; x_wconf 77' lang='lat' dir='ltr'><strong>quaternariis</strong></span> <span class='ocrx_word' id='word_1_58' title='bbox 519 974 581 1029; x_wconf 88' lang='lat' dir='ltr'><strong>XIV</strong></span> <span class='ocrx_word' id='word_1_59' title='bbox 600 981 740 1030; x_wconf 89' lang='lat' dir='ltr'><strong>constans.</strong></span> <span class='ocrx_word' id='word_1_60' title='bbox 771 976 879 1032; x_wconf 78' lang='lat' dir='ltr'><strong>Initium</strong></span> <span class='ocrx_word' id='word_1_61' title='bbox 895 983 938 1031; x_wconf 91' lang='lat' dir='ltr'><strong>est</strong></span> <span class='ocrx_word' id='word_1_62' title='bbox 952 976 981 1032; x_wconf 84' lang='lat' dir='ltr'><strong>O.</strong></span> <span class='ocrx_word' id='word_1_63' title='bbox 997 975 1119 1031; x_wconf 83' lang='lat' dir='ltr'><strong>Suetonii</strong></span> 
     </span>
     <span class='ocr_line' id='line_1_11' title="bbox 226 1053 1117 1135; baseline -0.004 -18"><span class='ocrx_word' id='word_1_64' title='bbox 226 1060 387 1132; x_wconf 80' lang='lat' dir='ltr'><strong>Tranquilli.</strong></span> <span class='ocrx_word' id='word_1_65' title='bbox 406 1056 410 1135; x_wconf 75' lang='lat' dir='ltr'>l</span> <span class='ocrx_word' id='word_1_66' title='bbox 430 1058 463 1113; x_wconf 83' lang='lat' dir='ltr'><strong>dc</strong></span> <span class='ocrx_word' id='word_1_67' title='bbox 476 1061 667 1129; x_wconf 81' lang='lat' dir='ltr'><strong>qrammntieis.</strong></span> <span class='ocrx_word' id='word_1_68' title='bbox 689 1062 715 1112; x_wconf 89' lang='lat' dir='ltr'><strong>et</strong></span> <span class='ocrx_word' id='word_1_69' title='bbox 729 1053 855 1135; x_wconf 63' lang='lat' dir='ltr'><strong>rhetori!</strong></span> <span class='ocrx_word' id='word_1_70' title='bbox 874 1060 934 1115; x_wconf 84' lang='lat' dir='ltr'><strong>bus.</strong></span> <span class='ocrx_word' id='word_1_71' title='bbox 966 1060 1060 1115; x_wconf 83' lang='lat' dir='ltr'><strong>clcrr&#39;s.</strong></span> <span class='ocrx_word' id='word_1_72' title='bbox 1084 1060 1117 1113; x_wconf 85' lang='lat' dir='ltr'><strong>ii-</strong></span> 
     </span>
     <span class='ocr_line' id='line_1_12' title="bbox 224 1134 1117 1220; baseline -0.007 -19"><span class='ocrx_word' id='word_1_73' title='bbox 224 1144 279 1201; x_wconf 82' lang='lat' dir='ltr'><strong>ber.</strong></span> <span class='ocrx_word' id='word_1_74' title='bbox 304 1145 405 1214; x_wconf 80' lang='lat' dir='ltr'><strong>incipit.</strong></span> <span class='ocrx_word' id='word_1_75' title='bbox 436 1142 497 1197; x_wconf 87' lang='lat' dir='ltr'><strong>finis</strong></span> <span class='ocrx_word' id='word_1_76' title='bbox 515 1141 591 1197; x_wconf 85' lang='lat' dir='ltr'><strong>cibo:</strong></span> <span class='ocrx_word' id='word_1_77' title='bbox 610 1134 615 1220; x_wconf 84' lang='grc' dir='ltr'>Ι</span> <span class='ocrx_word' id='word_1_78' title='bbox 634 1141 688 1196; x_wconf 85' lang='lat' dir='ltr'><strong>Nil.</strong></span> <span class='ocrx_word' id='word_1_79' title='bbox 720 1143 846 1213; x_wconf 84' lang='lat' dir='ltr'><strong>amplius.</strong></span> <span class='ocrx_word' id='word_1_80' title='bbox 870 1136 1040 1216; x_wconf 69' lang='lat' dir='ltr'><strong>reperitur!</strong></span> <span class='ocrx_word' id='word_1_81' title='bbox 1060 1140 1117 1195; x_wconf 84' lang='lat' dir='ltr'><strong>lm-</strong></span> 
     </span>
     <span class='ocr_line' id='line_1_13' title="bbox 220 1217 1137 1302; baseline -0.003 -21"><span class='ocrx_word' id='word_1_82' title='bbox 220 1241 348 1301; x_wconf 80' lang='lat' dir='ltr'><strong>pressatm</strong></span> <span class='ocrx_word' id='word_1_83' title='bbox 368 1226 525 1281; x_wconf 81' lang='lat' dir='ltr'><strong>Florentiae</strong></span> <span class='ocrx_word' id='word_1_84' title='bbox 548 1242 566 1280; x_wconf 85' lang='grc' dir='ltr'><em>α</em></span> <span class='ocrx_word' id='word_1_85' title='bbox 589 1218 594 1302; x_wconf 78' lang='grc' dir='ltr'>Ι</span> <span class='ocrx_word' id='word_1_86' title='bbox 614 1225 678 1296; x_wconf 82' lang='lat' dir='ltr'><strong>pud</strong></span> <span class='ocrx_word' id='word_1_87' title='bbox 697 1224 827 1281; x_wconf 78' lang='lat' dir='ltr'><strong>Sanctatm</strong></span> <span class='ocrx_word' id='word_1_88' title='bbox 842 1224 972 1281; x_wconf 78' lang='lat' dir='ltr'><strong>Iacobum</strong></span> <span class='ocrx_word' id='word_1_89' title='bbox 994 1217 1051 1302; x_wconf 74' lang='lat' dir='ltr'><strong>cle-l</strong></span> <span class='ocrx_word' id='word_1_90' title='bbox 1070 1224 1137 1279; x_wconf 81' lang='lat' dir='ltr'><strong>Rs·-</strong></span> 
     </span>
     <span class='ocr_line' id='line_1_14' title="bbox 218 1302 1115 1383; baseline -0.008 -17"><span class='ocrx_word' id='word_1_91' title='bbox 218 1312 286 1382; x_wconf 84' lang='lat' dir='ltr'><strong>poli.</strong></span> <span class='ocrx_word' id='word_1_92' title='bbox 317 1302 648 1383; x_wconf 69' lang='lat' dir='ltr'><em>MGOOCLXXVHP’).</em></span> <span class='ocrx_word' id='word_1_93' title='bbox 693 1310 752 1364; x_wconf 85' lang='lat' dir='ltr'><strong>lino</strong></span> <span class='ocrx_word' id='word_1_94' title='bbox 773 1309 899 1382; x_wconf 80' lang='lat' dir='ltr'><strong>exemplu</strong></span> <span class='ocrx_word' id='word_1_95' title='bbox 919 1308 1028 1380; x_wconf 82' lang='lat' dir='ltr'><strong>Lipsiae</strong></span> <span class='ocrx_word' id='word_1_96' title='bbox 1048 1307 1115 1363; x_wconf 92' lang='lat' dir='ltr'><strong>bibl.</strong></span> 
     </span>
    </p>
   </div>
   <div class='ocr_carea' id='block_1_3' title="bbox 222 1422 424 1435">
    <p class='ocr_par' dir='ltr' id='par_1_5' title="bbox 222 1422 424 1435">
     <span class='ocr_line' id='line_1_15' title="bbox 222 1422 424 1435; baseline -0.01 -2"><span class='ocrx_word' id='word_1_97' title='bbox 222 1422 424 1435; x_wconf 77' lang='lat'><strong>........—-</strong></span> 
     </span>
    </p>
   </div>
   <div class='ocr_carea' id='block_1_4' title="bbox 221 1484 1124 3458">
    <p class='ocr_par' dir='ltr' id='par_1_6' title="bbox 221 1484 1120 1896">
     <span class='ocr_line' id='line_1_16' title="bbox 223 1484 1118 1552; baseline -0.006 -12"><span class='ocrx_word' id='word_1_98' title='bbox 223 1490 299 1541; x_wconf 81' lang='lat' dir='ltr'><strong>i&#39;allor</strong></span> <span class='ocrx_word' id='word_1_99' title='bbox 317 1497 445 1550; x_wconf 81' lang='lat' dir='ltr'><strong>tamquam</strong></span> <span class='ocrx_word' id='word_1_100' title='bbox 462 1487 571 1536; x_wconf 89' lang='lat' dir='ltr'><strong>codicem</strong></span> <span class='ocrx_word' id='word_1_101' title='bbox 589 1485 701 1535; x_wconf 87' lang='lat' dir='ltr'><strong>contulit.</strong></span> <span class='ocrx_word' id='word_1_102' title='bbox 738 1484 888 1546; x_wconf 82' lang='lat' dir='ltr'><strong>Germanum</strong></span> <span class='ocrx_word' id='word_1_103' title='bbox 904 1486 1057 1552; x_wconf 77' lang='lat' dir='ltr'><strong>typothetnm</strong></span> <span class='ocrx_word' id='word_1_104' title='bbox 1066 1488 1118 1548; x_wconf 75' lang='lat' dir='ltr'><strong>fnl-</strong></span> 
     </span>
     <span class='ocr_line' id='line_1_17' title="bbox 221 1552 1119 1624; baseline -0.006 -16"><span class='ocrx_word' id='word_1_105' title='bbox 221 1573 300 1624; x_wconf 82' lang='lat' dir='ltr'><strong>parer</strong></span> <span class='ocrx_word' id='word_1_106' title='bbox 311 1572 337 1622; x_wconf 87' lang='lat' dir='ltr'><strong>p.</strong></span> <span class='ocrx_word' id='word_1_107' title='bbox 354 1556 413 1615; x_wconf 86' lang='grc'><strong>261,</strong></span> <span class='ocrx_word' id='word_1_108' title='bbox 430 1555 463 1606; x_wconf 81' lang='grc'><strong>19</strong></span> <span class='ocrx_word' id='word_1_109' title='bbox 479 1562 503 1603; x_wconf 90' lang='lat' dir='ltr'><strong>et</strong></span> <span class='ocrx_word' id='word_1_110' title='bbox 516 1558 592 1605; x_wconf 85' lang='lat' dir='ltr'><strong>nictus</strong></span> <span class='ocrx_word' id='word_1_111' title='bbox 604 1570 630 1619; x_wconf 90' lang='lat' dir='ltr'><strong>p.</strong></span> <span class='ocrx_word' id='word_1_112' title='bbox 641 1553 701 1615; x_wconf 80' lang='grc'><strong>269,</strong></span> <span class='ocrx_word' id='word_1_113' title='bbox 716 1552 750 1605; x_wconf 82' lang='grc'><strong>36</strong></span> <span class='ocrx_word' id='word_1_114' title='bbox 764 1554 881 1618; x_wconf 86' lang='lat' dir='ltr'><strong>produnt.</strong></span> <span class='ocrx_word' id='word_1_115' title='bbox 916 1555 953 1604; x_wconf 90' lang='lat' dir='ltr'><strong>De</strong></span> <span class='ocrx_word' id='word_1_116' title='bbox 969 1555 1119 1617; x_wconf 84' lang='lat' dir='ltr'><strong>quibusdam</strong></span> 
     </span>
     <span class='ocr_line' id='line_1_18' title="bbox 225 1620 1119 1689; baseline -0.007 -12"><span class='ocrx_word' id='word_1_117' title='bbox 225 1627 302 1677; x_wconf 84' lang='lat' dir='ltr'><strong>rebus</strong></span> <span class='ocrx_word' id='word_1_118' title='bbox 329 1620 535 1689; x_wconf 81' lang='lat' dir='ltr'><strong>bibliographlcis</strong></span> <span class='ocrx_word' id='word_1_119' title='bbox 561 1622 663 1671; x_wconf 87' lang='lat' dir='ltr'><strong>videndi</strong></span> <span class='ocrx_word' id='word_1_120' title='bbox 690 1620 835 1688; x_wconf 82' lang='lat' dir='ltr'><strong>Schweiger</strong></span> <span class='ocrx_word' id='word_1_121' title='bbox 859 1623 875 1670; x_wconf 92' lang='grc'><strong>2</strong></span> <span class='ocrx_word' id='word_1_122' title='bbox 900 1638 927 1687; x_wconf 91' lang='lat' dir='ltr'><strong>p.</strong></span> <span class='ocrx_word' id='word_1_123' title='bbox 954 1622 1014 1673; x_wconf 83' lang='grc'><strong>615.</strong></span> <span class='ocrx_word' id='word_1_124' title='bbox 1054 1624 1119 1671; x_wconf 83' lang='lat' dir='ltr'><strong>ilein</strong></span> 
     </span>
     <span class='ocr_line' id='line_1_19' title="bbox 225 1690 1118 1755; baseline -0.004 -12"><span class='ocrx_word' id='word_1_125' title='bbox 225 1708 267 1745; x_wconf 87' lang='lat' dir='ltr'><strong>no.</strong></span> <span class='ocrx_word' id='word_1_126' title='bbox 286 1691 378 1743; x_wconf 84' lang='grc'>11443.</span> <span class='ocrx_word' id='word_1_127' title='bbox 414 1690 504 1739; x_wconf 87' lang='lat' dir='ltr'><strong>Nescio</strong></span> <span class='ocrx_word' id='word_1_128' title='bbox 519 1691 672 1740; x_wconf 86' lang='lat' dir='ltr'><strong>vetustiorne</strong></span> <span class='ocrx_word' id='word_1_129' title='bbox 688 1692 721 1740; x_wconf 88' lang='lat' dir='ltr'><strong>sit</strong></span> <span class='ocrx_word' id='word_1_130' title='bbox 738 1704 770 1739; x_wconf 88' lang='lat' dir='ltr'><strong>an</strong></span> <span class='ocrx_word' id='word_1_131' title='bbox 791 1691 913 1755; x_wconf 80' lang='lat' dir='ltr'><strong>posterior</strong></span> <span class='ocrx_word' id='word_1_132' title='bbox 928 1705 958 1739; x_wconf 87' lang='lat' dir='ltr'><strong>ea</strong></span> <span class='ocrx_word' id='word_1_133' title='bbox 977 1690 1118 1755; x_wconf 85' lang='lat' dir='ltr'><strong>impressio,</strong></span> 
     </span>
     <span class='ocr_line' id='line_1_20' title="bbox 226 1757 1120 1825; baseline -0.004 -15"><span class='ocrx_word' id='word_1_134' title='bbox 226 1776 301 1825; x_wconf 83' lang='lat' dir='ltr'><strong>quern</strong></span> <span class='ocrx_word' id='word_1_135' title='bbox 317 1759 433 1825; x_wconf 87' lang='lat' dir='ltr'><strong>prodisse</strong></span> <span class='ocrx_word' id='word_1_136' title='bbox 453 1766 542 1823; x_wconf 85' lang='lat' dir='ltr'><strong>putant</strong></span> <span class='ocrx_word' id='word_1_137' title='bbox 566 1774 598 1807; x_wconf 86' lang='lat' dir='ltr'><strong>ex</strong></span> <span class='ocrx_word' id='word_1_138' title='bbox 616 1759 729 1810; x_wconf 80' lang='lat' dir='ltr'><strong>Romane</strong></span> <span class='ocrx_word' id='word_1_139' title='bbox 750 1758 851 1808; x_wconf 81' lang='lat' dir='ltr'><strong>oifieina</strong></span> <span class='ocrx_word' id='word_1_140' title='bbox 865 1759 905 1808; x_wconf 85' lang='lat' dir='ltr'><strong>vel</strong></span> <span class='ocrx_word' id='word_1_141' title='bbox 923 1758 1024 1807; x_wconf 89' lang='lat' dir='ltr'><strong>loannis</strong></span> <span class='ocrx_word' id='word_1_142' title='bbox 1039 1757 1120 1807; x_wconf 86' lang='lat' dir='ltr'><strong>Gens-</strong></span> 
     </span>
     <span class='ocr_line' id='line_1_21' title="bbox 225 1826 830 1896; baseline -0.005 -17"><span class='ocrx_word' id='word_1_143' title='bbox 225 1832 289 1896; x_wconf 84' lang='lat' dir='ltr'><strong>berg</strong></span> <span class='ocrx_word' id='word_1_144' title='bbox 307 1828 346 1878; x_wconf 90' lang='lat' dir='ltr'><strong>vel</strong></span> <span class='ocrx_word' id='word_1_145' title='bbox 363 1828 464 1877; x_wconf 89' lang='lat' dir='ltr'><strong>Ioannis</strong></span> <span class='ocrx_word' id='word_1_146' title='bbox 479 1826 619 1877; x_wconf 87' lang='lat' dir='ltr'><strong>Schurener</strong></span> <span class='ocrx_word' id='word_1_147' title='bbox 634 1827 665 1876; x_wconf 95' lang='lat' dir='ltr'><strong>de</strong></span> <span class='ocrx_word' id='word_1_148' title='bbox 678 1827 830 1895; x_wconf 81' lang='lat' dir='ltr'><strong>Boppnrdia.</strong></span> 
     </span>
    </p>

    <p class='ocr_par' dir='ltr' id='par_1_7' title="bbox 225 1895 1122 2490">
     <span class='ocr_line' id='line_1_22' title="bbox 294 1895 1120 1962; baseline -0.008 -12"><span class='ocrx_word' id='word_1_149' title='bbox 294 1898 339 1961; x_wconf 84' lang='lat'><strong>33)</strong></span> <span class='ocrx_word' id='word_1_150' title='bbox 355 1897 497 1962; x_wconf 85' lang='lat' dir='ltr'><strong>Principem</strong></span> <span class='ocrx_word' id='word_1_151' title='bbox 514 1897 571 1946; x_wconf 90' lang='lat' dir='ltr'><strong>dico</strong></span> <span class='ocrx_word' id='word_1_152' title='bbox 590 1895 655 1945; x_wconf 83' lang='lat' dir='ltr'><strong>hanc</strong></span> <span class='ocrx_word' id='word_1_153' title='bbox 670 1898 838 1947; x_wconf 76' lang='lat' dir='ltr'><strong>Florentinum</strong></span> <span class='ocrx_word' id='word_1_154' title='bbox 853 1897 988 1946; x_wconf 84' lang='lat' dir='ltr'><strong>editionem</strong></span> <span class='ocrx_word' id='word_1_155' title='bbox 1003 1909 1054 1944; x_wconf 90' lang='lat' dir='ltr'><strong>non</strong></span> <span class='ocrx_word' id='word_1_156' title='bbox 1066 1902 1120 1944; x_wconf 83' lang='lat' dir='ltr'><strong>tum</strong></span> 
     </span>
     <span class='ocr_line' id='line_1_23' title="bbox 226 1965 1120 2029; baseline -0.008 -11"><span class='ocrx_word' id='word_1_157' title='bbox 226 1970 300 2018; x_wconf 90' lang='lat' dir='ltr'><strong>certis</strong></span> <span class='ocrx_word' id='word_1_158' title='bbox 314 1967 453 2016; x_wconf 77' lang='lat' dir='ltr'><strong>rationibus</strong></span> <span class='ocrx_word' id='word_1_159' title='bbox 467 1965 596 2024; x_wconf 89' lang='lat' dir='ltr'><strong>inductus,</strong></span> <span class='ocrx_word' id='word_1_160' title='bbox 613 1980 689 2026; x_wconf 85' lang='lat' dir='ltr'><strong>quam</strong></span> <span class='ocrx_word' id='word_1_161' title='bbox 705 1965 772 2028; x_wconf 91' lang='lat' dir='ltr'><strong>quod</strong></span> <span class='ocrx_word' id='word_1_162' title='bbox 786 1966 953 2028; x_wconf 82' lang='lat' dir='ltr'><strong>antiquiorem</strong></span> <span class='ocrx_word' id='word_1_163' title='bbox 968 1965 1022 2013; x_wconf 89' lang='lat' dir='ltr'><strong>eius</strong></span> <span class='ocrx_word' id='word_1_164' title='bbox 1041 1978 1120 2029; x_wconf 84' lang='lat' dir='ltr'><strong>gene-</strong></span> 
     </span>
     <span class='ocr_line' id='line_1_24' title="bbox 226 2029 1120 2098; baseline -0.008 -12"><span class='ocrx_word' id='word_1_165' title='bbox 226 2038 262 2086; x_wconf 88' lang='lat' dir='ltr'><strong>ris</strong></span> <span class='ocrx_word' id='word_1_166' title='bbox 277 2049 327 2084; x_wconf 87' lang='lat' dir='ltr'><strong>non</strong></span> <span class='ocrx_word' id='word_1_167' title='bbox 342 2036 409 2084; x_wconf 89' lang='lat' dir='ltr'><strong>novi.</strong></span> <span class='ocrx_word' id='word_1_168' title='bbox 446 2033 547 2083; x_wconf 74' lang='lat' dir='ltr'><strong>solinus</strong></span> <span class='ocrx_word' id='word_1_169' title='bbox 564 2033 630 2080; x_wconf 90' lang='lat' dir='ltr'><strong>enim</strong></span> <span class='ocrx_word' id='word_1_170' title='bbox 645 2034 768 2082; x_wconf 87' lang='lat' dir='ltr'><strong>similibus</strong></span> <span class='ocrx_word' id='word_1_171' title='bbox 783 2034 904 2098; x_wconf 86' lang='lat' dir='ltr'><strong>exemplis</strong></span> <span class='ocrx_word' id='word_1_172' title='bbox 920 2040 1002 2081; x_wconf 82' lang='lat' dir='ltr'><strong>aetate</strong></span> <span class='ocrx_word' id='word_1_173' title='bbox 1016 2029 1120 2080; x_wconf 83' lang='lat' dir='ltr'><strong>inienio·</strong></span> 
     </span>
     <span class='ocr_line' id='line_1_25' title="bbox 225 2100 1120 2164; baseline -0.004 -13"><span class='ocrx_word' id='word_1_174' title='bbox 225 2104 304 2162; x_wconf 88' lang='lat' dir='ltr'><strong>ribus,</strong></span> <span class='ocrx_word' id='word_1_175' title='bbox 322 2102 446 2164; x_wconf 82' lang='lat' dir='ltr'><strong>suspicari</strong></span> <span class='ocrx_word' id='word_1_176' title='bbox 462 2101 520 2148; x_wconf 90' lang='lat' dir='ltr'><strong>licet</strong></span> <span class='ocrx_word' id='word_1_177' title='bbox 535 2100 566 2148; x_wconf 90' lang='lat' dir='ltr'><strong>de</strong></span> <span class='ocrx_word' id='word_1_178' title='bbox 580 2103 715 2149; x_wconf 88' lang='lat' dir='ltr'><strong>vetustiore</strong></span> <span class='ocrx_word' id='word_1_179' title='bbox 729 2101 812 2162; x_wconf 83' lang='lat' dir='ltr'><strong>aliqua</strong></span> <span class='ocrx_word' id='word_1_180' title='bbox 830 2101 938 2151; x_wconf 87' lang='lat' dir='ltr'><strong>editione</strong></span> <span class='ocrx_word' id='word_1_181' title='bbox 953 2101 1063 2149; x_wconf 91' lang='lat' dir='ltr'><strong>nondum</strong></span> <span class='ocrx_word' id='word_1_182' title='bbox 1079 2101 1120 2147; x_wconf 93' lang='lat' dir='ltr'><strong>in·</strong></span> 
     </span>
     <span class='ocr_line' id='line_1_26' title="bbox 227 2167 1120 2230; baseline 0 -12"><span class='ocrx_word' id='word_1_183' title='bbox 227 2177 310 2228; x_wconf 84' lang='lat' dir='ltr'><strong>vento,</strong></span> <span class='ocrx_word' id='word_1_184' title='bbox 325 2168 392 2216; x_wconf 89' lang='lat' dir='ltr'><strong>unde</strong></span> <span class='ocrx_word' id='word_1_185' title='bbox 411 2176 434 2216; x_wconf 91' lang='lat' dir='ltr'><strong>et</strong></span> <span class='ocrx_word' id='word_1_186' title='bbox 445 2167 588 2216; x_wconf 83' lang='lat' dir='ltr'><strong>Florentino</strong></span> <span class='ocrx_word' id='word_1_187' title='bbox 604 2173 628 2214; x_wconf 88' lang='lat' dir='ltr'><strong>et</strong></span> <span class='ocrx_word' id='word_1_188' title='bbox 641 2168 895 2230; x_wconf 85' lang='lat' dir='ltr'><strong>reliquae-derivatae</strong></span> <span class='ocrx_word' id='word_1_189' title='bbox 911 2184 967 2218; x_wconf 92' lang='lat' dir='ltr'><strong>esse</strong></span> <span class='ocrx_word' id='word_1_190' title='bbox 979 2168 1120 2218; x_wconf 87' lang='lat' dir='ltr'><strong>videantur.</strong></span> 
     </span>
     <span class='ocr_line' id='line_1_27' title="bbox 226 2235 1121 2300; baseline 0.001 -15"><span class='ocrx_word' id='word_1_191' title='bbox 226 2237 320 2286; x_wconf 89' lang='lat' dir='ltr'><strong>Verum</strong></span> <span class='ocrx_word' id='word_1_192' title='bbox 335 2249 391 2283; x_wconf 89' lang='lat' dir='ltr'><strong>cum</strong></span> <span class='ocrx_word' id='word_1_193' title='bbox 407 2249 462 2283; x_wconf 84' lang='lat' dir='ltr'><strong>enm</strong></span> <span class='ocrx_word' id='word_1_194' title='bbox 476 2249 529 2283; x_wconf 91' lang='lat' dir='ltr'><strong>rem</strong></span> <span class='ocrx_word' id='word_1_195' title='bbox 544 2249 609 2282; x_wconf 91' lang='lat' dir='ltr'><strong>nunc</strong></span> <span class='ocrx_word' id='word_1_196' title='bbox 624 2235 656 2283; x_wconf 85' lang='lat' dir='ltr'><strong>ed</strong></span> <span class='ocrx_word' id='word_1_197' title='bbox 670 2235 793 2297; x_wconf 87' lang='lat' dir='ltr'><strong>liquidum</strong></span> <span class='ocrx_word' id='word_1_198' title='bbox 807 2238 942 2300; x_wconf 80' lang='lat' dir='ltr'><strong>perducere</strong></span> <span class='ocrx_word' id='word_1_199' title='bbox 959 2249 1009 2286; x_wconf 88' lang='lat' dir='ltr'><strong>non</strong></span> <span class='ocrx_word' id='word_1_200' title='bbox 1021 2250 1121 2299; x_wconf 78' lang='lat' dir='ltr'><strong>queem,</strong></span> 
     </span>
     <span class='ocr_line' id='line_1_28' title="bbox 227 2303 1121 2367; baseline -0.002 -13"><span class='ocrx_word' id='word_1_201' title='bbox 227 2305 289 2354; x_wconf 83' lang='lat' dir='ltr'><strong>satis</strong></span> <span class='ocrx_word' id='word_1_202' title='bbox 302 2303 383 2352; x_wconf 86' lang='lat' dir='ltr'><strong>habeo</strong></span> <span class='ocrx_word' id='word_1_203' title='bbox 396 2303 471 2351; x_wconf 89' lang='lat' dir='ltr'><strong>trium</strong></span> <span class='ocrx_word' id='word_1_204' title='bbox 480 2303 648 2367; x_wconf 83' lang='lat' dir='ltr'><strong>posteriorum</strong></span> <span class='ocrx_word' id='word_1_205' title='bbox 661 2303 798 2353; x_wconf 90' lang='lat' dir='ltr'><strong>editionum</strong></span> <span class='ocrx_word' id='word_1_206' title='bbox 814 2306 927 2354; x_wconf 84' lang='lat' dir='ltr'><strong>notitiem</strong></span> <span class='ocrx_word' id='word_1_207' title='bbox 941 2305 1044 2354; x_wconf 77' lang='lat' dir='ltr'><strong>addere.</strong></span> <span class='ocrx_word' id='word_1_208' title='bbox 1067 2305 1121 2352; x_wconf 88' lang='lat' dir='ltr'><strong>Hoc</strong></span> 
     </span>
     <span class='ocr_line' id='line_1_29' title="bbox 226 2370 1122 2436; baseline -0.002 -15"><span class='ocrx_word' id='word_1_209' title='bbox 226 2373 293 2421; x_wconf 87' lang='lat' dir='ltr'><strong>enim</strong></span> <span class='ocrx_word' id='word_1_210' title='bbox 309 2370 465 2435; x_wconf 81' lang='lat' dir='ltr'><strong>exemplum,</strong></span> <span class='ocrx_word' id='word_1_211' title='bbox 484 2379 511 2419; x_wconf 91' lang='lat' dir='ltr'><strong>ut</strong></span> <span class='ocrx_word' id='word_1_212' title='bbox 527 2371 637 2419; x_wconf 81' lang='lat' dir='ltr'><strong>bonitate</strong></span> <span class='ocrx_word' id='word_1_213' title='bbox 652 2385 699 2420; x_wconf 84' lang='lat' dir='ltr'><strong>sua</strong></span> <span class='ocrx_word' id='word_1_214' title='bbox 714 2374 818 2436; x_wconf 88' lang='lat' dir='ltr'><strong>meruit,</strong></span> <span class='ocrx_word' id='word_1_215' title='bbox 839 2375 949 2423; x_wconf 90' lang='lat' dir='ltr'><strong>omnium</strong></span> <span class='ocrx_word' id='word_1_216' title='bbox 971 2374 1122 2436; x_wconf 76' lang='lat' dir='ltr'><strong>saepissime</strong></span> 
     </span>
     <span class='ocr_line' id='line_1_30' title="bbox 226 2447 404 2490; baseline -0.017 0"><span class='ocrx_word' id='word_1_217' title='bbox 226 2454 342 2490; x_wconf 86' lang='lat' dir='ltr'><strong>recusum</strong></span> <span class='ocrx_word' id='word_1_218' title='bbox 358 2447 404 2488; x_wconf 88' lang='lat' dir='ltr'><strong>est.</strong></span> 
     </span>
    </p>

    <p class='ocr_par' dir='ltr' id='par_1_8' title="bbox 226 2505 1124 3319">
     <span class='ocr_line' id='line_1_31' title="bbox 261 2505 1122 2573; baseline -0.002 -15"><span class='ocrx_word' id='word_1_219' title='bbox 261 2508 285 2558; x_wconf 91' lang='lat'><strong>1.</strong></span> <span class='ocrx_word' id='word_1_220' title='bbox 308 2508 336 2557; x_wconf 92' lang='lat' dir='ltr'><strong>ln</strong></span> <span class='ocrx_word' id='word_1_221' title='bbox 352 2505 411 2555; x_wconf 91' lang='lat' dir='ltr'><strong>bibl.</strong></span> <span class='ocrx_word' id='word_1_222' title='bbox 427 2508 495 2556; x_wconf 89' lang='lat' dir='ltr'><strong>univ.</strong></span> <span class='ocrx_word' id='word_1_223' title='bbox 512 2506 651 2570; x_wconf 89' lang='lat' dir='ltr'><strong>Lipsiensis</strong></span> <span class='ocrx_word' id='word_1_224' title='bbox 667 2506 744 2571; x_wconf 88' lang='lat' dir='ltr'><strong>(Hist.</strong></span> <span class='ocrx_word' id='word_1_225' title='bbox 761 2508 803 2558; x_wconf 89' lang='lat' dir='ltr'><strong>lat.</strong></span> <span class='ocrx_word' id='word_1_226' title='bbox 821 2507 883 2573; x_wconf 88' lang='grc'><strong>146)</strong></span> <span class='ocrx_word' id='word_1_227' title='bbox 899 2511 1007 2573; x_wconf 90' lang='lat' dir='ltr'><strong>itemque</strong></span> <span class='ocrx_word' id='word_1_228' title='bbox 1023 2507 1122 2557; x_wconf 86' lang='lat' dir='ltr'><strong>Vratis-</strong></span> 
     </span>
     <span class='ocr_line' id='line_1_32' title="bbox 227 2572 1123 2639; baseline -0.002 -13"><span class='ocrx_word' id='word_1_229' title='bbox 227 2575 347 2626; x_wconf 88' lang='lat' dir='ltr'><strong>laviensis</strong></span> <span class='ocrx_word' id='word_1_230' title='bbox 366 2574 443 2624; x_wconf 88' lang='lat' dir='ltr'><strong>editio</strong></span> <span class='ocrx_word' id='word_1_231' title='bbox 460 2582 574 2625; x_wconf 86' lang='lat' dir='ltr'><strong>servatur</strong></span> <span class='ocrx_word' id='word_1_232' title='bbox 593 2575 654 2625; x_wconf 80' lang='lat' dir='ltr'><strong>folin</strong></span> <span class='ocrx_word' id='word_1_233' title='bbox 669 2578 827 2639; x_wconf 84' lang='lat' dir='ltr'><strong>quaternaria</strong></span> <span class='ocrx_word' id='word_1_234' title='bbox 841 2579 899 2627; x_wconf 92' lang='lat' dir='ltr'>Vlll</span> <span class='ocrx_word' id='word_1_235' title='bbox 913 2592 1031 2627; x_wconf 74' lang='lat' dir='ltr'><strong>uersuum</strong></span> <span class='ocrx_word' id='word_1_236' title='bbox 1045 2572 1123 2624; x_wconf 83' lang='lat' dir='ltr'><strong>XXX</strong></span> 
     </span>
     <span class='ocr_line' id='line_1_33' title="bbox 227 2643 1121 2710; baseline -0.004 -16"><span class='ocrx_word' id='word_1_237' title='bbox 227 2645 365 2704; x_wconf 90' lang='lat' dir='ltr'><strong>continens,</strong></span> <span class='ocrx_word' id='word_1_238' title='bbox 380 2644 449 2692; x_wconf 89' lang='lat' dir='ltr'><strong>urbis</strong></span> <span class='ocrx_word' id='word_1_239' title='bbox 465 2643 525 2692; x_wconf 84' lang='lat' dir='ltr'><strong>anni</strong></span> <span class='ocrx_word' id='word_1_240' title='bbox 538 2643 692 2710; x_wconf 77' lang='lat' dir='ltr'><strong>typographi</strong></span> <span class='ocrx_word' id='word_1_241' title='bbox 700 2644 800 2694; x_wconf 90' lang='lat' dir='ltr'><strong>indiciis</strong></span> <span class='ocrx_word' id='word_1_242' title='bbox 809 2646 937 2702; x_wconf 80' lang='lat' dir='ltr'><strong>destitute,</strong></span> <span class='ocrx_word' id='word_1_243' title='bbox 951 2647 986 2694; x_wconf 89' lang='lat' dir='ltr'><strong>ita</strong></span> <span class='ocrx_word' id='word_1_244' title='bbox 998 2645 1121 2709; x_wconf 88' lang='lat' dir='ltr'><strong>incipiens</strong></span> 
     </span>
     <span class='ocr_line' id='line_1_34' title="bbox 229 2709 1123 2776; baseline -0.002 -14"><span class='ocrx_word' id='word_1_245' title='bbox 229 2713 256 2762; x_wconf 81' lang='lat' dir='ltr'><strong>G.</strong></span> <span class='ocrx_word' id='word_1_246' title='bbox 273 2712 384 2762; x_wconf 85' lang='lat' dir='ltr'><strong>Suetonii</strong></span> <span class='ocrx_word' id='word_1_247' title='bbox 396 2709 538 2776; x_wconf 81' lang='lat' dir='ltr'><strong>Tranquilli</strong></span> <span class='ocrx_word' id='word_1_248' title='bbox 555 2713 586 2760; x_wconf 86' lang='lat' dir='ltr'><strong>de</strong></span> <span class='ocrx_word' id='word_1_249' title='bbox 601 2727 725 2775; x_wconf 84' lang='lat' dir='ltr'><strong>prannna-</strong></span> <span class='ocrx_word' id='word_1_250' title='bbox 739 2713 745 2776; x_wconf 92' lang='grc' dir='ltr'>Ι</span> <span class='ocrx_word' id='word_1_251' title='bbox 760 2715 831 2763; x_wconf 76' lang='lat' dir='ltr'><strong>sicis.-</strong></span> <span class='ocrx_word' id='word_1_252' title='bbox 847 2720 873 2761; x_wconf 89' lang='lat' dir='ltr'><strong>et</strong></span> <span class='ocrx_word' id='word_1_253' title='bbox 887 2713 1026 2763; x_wconf 76' lang='lat' dir='ltr'><strong>rhetoribus</strong></span> <span class='ocrx_word' id='word_1_254' title='bbox 1037 2712 1123 2761; x_wconf 82' lang='lat' dir='ltr'><strong>claris</strong></span> 
     </span>
     <span class='ocr_line' id='line_1_35' title="bbox 228 2779 1122 2846; baseline 0 -18"><span class='ocrx_word' id='word_1_255' title='bbox 228 2779 333 2830; x_wconf 83' lang='lat' dir='ltr'><strong>libellus.</strong></span> <span class='ocrx_word' id='word_1_256' title='bbox 370 2781 404 2828; x_wconf 89' lang='lat' dir='ltr'><strong>ita</strong></span> <span class='ocrx_word' id='word_1_257' title='bbox 429 2780 547 2830; x_wconf 91' lang='lat' dir='ltr'><strong>desinens</strong></span> <span class='ocrx_word' id='word_1_258' title='bbox 574 2780 700 2831; x_wconf 60' lang='lat' dir='ltr'><strong>abtinens</strong></span> <span class='ocrx_word' id='word_1_259' title='bbox 722 2782 784 2831; x_wconf 78' lang='lat' dir='ltr'><strong>eido.</strong></span> <span class='ocrx_word' id='word_1_260' title='bbox 805 2779 810 2841; x_wconf 98' lang='grc' dir='ltr'>Ι</span> <span class='ocrx_word' id='word_1_261' title='bbox 830 2781 944 2830; x_wconf 85' lang='lat' dir='ltr'><strong>Suetonii</strong></span> <span class='ocrx_word' id='word_1_262' title='bbox 967 2782 1066 2846; x_wconf 80' lang='lat' dir='ltr'><strong>Tritqlli</strong></span> <span class='ocrx_word' id='word_1_263' title='bbox 1089 2781 1122 2828; x_wconf 87' lang='lat' dir='ltr'><strong>de</strong></span> 
     </span>
     <span class='ocr_line' id='line_1_36' title="bbox 226 2845 1123 2915; baseline -0.001 -20"><span class='ocrx_word' id='word_1_264' title='bbox 226 2849 304 2896; x_wconf 84' lang='lat' dir='ltr'><strong>elaris</strong></span> <span class='ocrx_word' id='word_1_265' title='bbox 328 2847 493 2898; x_wconf 74' lang='lat' dir='ltr'><strong>Grnmnticis:</strong></span> <span class='ocrx_word' id='word_1_266' title='bbox 518 2845 543 2896; x_wconf 77' lang='lat' dir='ltr'><strong>dc</strong></span> <span class='ocrx_word' id='word_1_267' title='bbox 563 2848 698 2899; x_wconf 48' lang='lat' dir='ltr'><strong>rhetoribb</strong></span> <span class='ocrx_word' id='word_1_268' title='bbox 719 2851 797 2899; x_wconf 81' lang='lat' dir='ltr'><strong>Finis.</strong></span> <span class='ocrx_word' id='word_1_269' title='bbox 840 2849 1012 2915; x_wconf 82' lang='lat' dir='ltr'><strong>Bibliogruphi</strong></span> <span class='ocrx_word' id='word_1_270' title='bbox 1031 2849 1123 2898; x_wconf 83' lang='lat' dir='ltr'><strong>(locent</strong></span> 
     </span>
     <span class='ocr_line' id='line_1_37' title="bbox 228 2913 1122 2982; baseline 0.001 -18"><span class='ocrx_word' id='word_1_271' title='bbox 228 2915 370 2964; x_wconf 74' lang='lat' dir='ltr'><strong>adiunctam</strong></span> <span class='ocrx_word' id='word_1_272' title='bbox 386 2915 444 2963; x_wconf 89' lang='lat' dir='ltr'><strong>olim</strong></span> <span class='ocrx_word' id='word_1_273' title='bbox 458 2915 538 2966; x_wconf 83' lang='lat' dir='ltr'><strong>inisse</strong></span> <span class='ocrx_word' id='word_1_274' title='bbox 552 2917 642 2982; x_wconf 79' lang='lat' dir='ltr'><strong>Apicio</strong></span> <span class='ocrx_word' id='word_1_275' title='bbox 660 2918 691 2967; x_wconf 91' lang='lat' dir='ltr'><strong>de</strong></span> <span class='ocrx_word' id='word_1_276' title='bbox 705 2933 732 2966; x_wconf 90' lang='lat' dir='ltr'><strong>re</strong></span> <span class='ocrx_word' id='word_1_277' title='bbox 747 2917 891 2980; x_wconf 77' lang='lat' dir='ltr'><strong>coquinarie</strong></span> <span class='ocrx_word' id='word_1_278' title='bbox 906 2918 1002 2966; x_wconf 89' lang='lat' dir='ltr'><strong>circiter</strong></span> <span class='ocrx_word' id='word_1_279' title='bbox 1017 2931 1040 2966; x_wconf 87' lang='lat' dir='ltr'><strong>a.</strong></span> <span class='ocrx_word' id='word_1_280' title='bbox 1053 2913 1122 2965; x_wconf 79' lang='lat'>1500</span> 
     </span>
     <span class='ocr_line' id='line_1_38' title="bbox 227 2983 1122 3051; baseline 0.001 -21"><span class='ocrx_word' id='word_1_281' title='bbox 227 2983 341 3031; x_wconf 89' lang='lat' dir='ltr'><strong>Venetiis</strong></span> <span class='ocrx_word' id='word_1_282' title='bbox 356 2997 403 3046; x_wconf 91' lang='lat' dir='ltr'><strong>per</strong></span> <span class='ocrx_word' id='word_1_283' title='bbox 417 2983 599 3034; x_wconf 88' lang='lat' dir='ltr'><strong>Bernardinum</strong></span> <span class='ocrx_word' id='word_1_284' title='bbox 612 2986 736 3035; x_wconf 88' lang='lat' dir='ltr'><strong>Venetum</strong></span> <span class='ocrx_word' id='word_1_285' title='bbox 754 2987 887 3051; x_wconf 89' lang='lat' dir='ltr'><strong>impresso.</strong></span> <span class='ocrx_word' id='word_1_286' title='bbox 923 2985 1054 3049; x_wconf 90' lang='lat' dir='ltr'><strong>Lipsiense</strong></span> <span class='ocrx_word' id='word_1_287' title='bbox 1077 2999 1122 3032; x_wconf 84' lang='lat' dir='ltr'><strong>ex-</strong></span> 
     </span>
     <span class='ocr_line' id='line_1_39' title="bbox 227 3047 1122 3116; baseline -0.001 -16"><span class='ocrx_word' id='word_1_288' title='bbox 227 3049 337 3115; x_wconf 89' lang='lat' dir='ltr'><strong>emplum</strong></span> <span class='ocrx_word' id='word_1_289' title='bbox 353 3063 368 3097; x_wconf 87' lang='lat' dir='ltr'><strong>a</strong></span> <span class='ocrx_word' id='word_1_290' title='bbox 383 3047 506 3100; x_wconf 89' lang='lat' dir='ltr'><strong>Moebio</strong></span> <span class='ocrx_word' id='word_1_291' title='bbox 529 3054 634 3103; x_wconf 87' lang='lat' dir='ltr'><strong>missum</strong></span> <span class='ocrx_word' id='word_1_292' title='bbox 655 3052 788 3103; x_wconf 81' lang='lat' dir='ltr'><strong>conferens</strong></span> <span class='ocrx_word' id='word_1_293' title='bbox 803 3054 864 3102; x_wconf 87' lang='lat' dir='ltr'><strong>vitia</strong></span> <span class='ocrx_word' id='word_1_294' title='bbox 879 3053 1002 3116; x_wconf 84' lang='lat' dir='ltr'><strong>quaedam</strong></span> <span class='ocrx_word' id='word_1_295' title='bbox 1016 3053 1122 3102; x_wconf 84' lang='lat' dir='ltr'><strong>Floren—</strong></span> 
     </span>
     <span class='ocr_line' id='line_1_40' title="bbox 227 3116 1122 3188; baseline 0 -20"><span class='ocrx_word' id='word_1_296' title='bbox 227 3120 294 3168; x_wconf 88' lang='lat' dir='ltr'><strong>tinee</strong></span> <span class='ocrx_word' id='word_1_297' title='bbox 309 3116 425 3167; x_wconf 90' lang='lat' dir='ltr'><strong>editionis</strong></span> <span class='ocrx_word' id='word_1_298' title='bbox 442 3118 548 3182; x_wconf 83' lang='lat' dir='ltr'><strong>sublate,</strong></span> <span class='ocrx_word' id='word_1_299' title='bbox 562 3136 644 3185; x_wconf 86' lang='lat' dir='ltr'><strong>penca</strong></span> <span class='ocrx_word' id='word_1_300' title='bbox 659 3122 807 3181; x_wconf 81' lang='lat' dir='ltr'><strong>noveillata</strong></span> <span class='ocrx_word' id='word_1_301' title='bbox 818 3121 927 3188; x_wconf 79' lang='lat' dir='ltr'><strong>cognovi</strong></span> <span class='ocrx_word' id='word_1_302' title='bbox 942 3136 990 3188; x_wconf 88' lang='lat' dir='ltr'><strong>ope</strong></span> <span class='ocrx_word' id='word_1_303' title='bbox 1008 3129 1035 3169; x_wconf 91' lang='lat' dir='ltr'><strong>nt</strong></span> <span class='ocrx_word' id='word_1_304' title='bbox 1050 3120 1122 3170; x_wconf 88' lang='lat' dir='ltr'><strong>vide-</strong></span> 
     </span>
     <span class='ocr_line' id='line_1_41' title="bbox 226 3185 1124 3255; baseline 0.004 -21"><span class='ocrx_word' id='word_1_305' title='bbox 226 3193 267 3234; x_wconf 92' lang='lat' dir='ltr'><strong>tur</strong></span> <span class='ocrx_word' id='word_1_306' title='bbox 282 3185 398 3235; x_wconf 90' lang='lat' dir='ltr'><strong>editionis</strong></span> <span class='ocrx_word' id='word_1_307' title='bbox 415 3187 526 3235; x_wconf 82' lang='lat' dir='ltr'><strong>incertae</strong></span> <span class='ocrx_word' id='word_1_308' title='bbox 548 3203 571 3236; x_wconf 90' lang='lat' dir='ltr'><strong>a.</strong></span> <span class='ocrx_word' id='word_1_309' title='bbox 594 3191 671 3249; x_wconf 76' lang='lat'>14743</span> <span class='ocrx_word' id='word_1_310' title='bbox 690 3191 726 3239; x_wconf 84' lang='lat' dir='ltr'><strong>ita</strong></span> <span class='ocrx_word' id='word_1_311' title='bbox 741 3205 768 3255; x_wconf 86' lang='lat' dir='ltr'><strong>p.</strong></span> <span class='ocrx_word' id='word_1_312' title='bbox 785 3190 851 3254; x_wconf 88' lang='grc'><strong>267,</strong></span> <span class='ocrx_word' id='word_1_313' title='bbox 873 3191 907 3240; x_wconf 84' lang='grc'><strong>27</strong></span> <span class='ocrx_word' id='word_1_314' title='bbox 928 3188 1002 3238; x_wconf 85' lang='lat' dir='ltr'><strong>babet</strong></span> <span class='ocrx_word' id='word_1_315' title='bbox 1015 3187 1124 3251; x_wconf 82' lang='lat' dir='ltr'><strong>Scripsit</strong></span> 
     </span>
     <span class='ocr_line' id='line_1_42' title="bbox 226 3255 706 3319; baseline 0.004 -15"><span class='ocrx_word' id='word_1_316' title='bbox 226 3268 286 3304; x_wconf 85' lang='lat' dir='ltr'><strong>cero</strong></span> <span class='ocrx_word' id='word_1_317' title='bbox 301 3269 336 3302; x_wconf 75' lang='lat' dir='ltr'><strong>es·</strong></span> <span class='ocrx_word' id='word_1_318' title='bbox 349 3255 440 3310; x_wconf 85' lang='lat' dir='ltr'><strong>uariis,·</strong></span> <span class='ocrx_word' id='word_1_319' title='bbox 455 3269 479 3318; x_wconf 92' lang='lat' dir='ltr'><strong>p.</strong></span> <span class='ocrx_word' id='word_1_320' title='bbox 498 3255 557 3317; x_wconf 86' lang='grc'><strong>269,</strong></span> <span class='ocrx_word' id='word_1_321' title='bbox 574 3257 607 3306; x_wconf 89' lang='grc'><strong>28</strong></span> <span class='ocrx_word' id='word_1_322' title='bbox 621 3267 706 3319; x_wconf 84' lang='lat' dir='ltr'><strong>portu.</strong></span> 
     </span>
    </p>

    <p class='ocr_par' dir='ltr' id='par_1_9' title="bbox 226 3321 1123 3458">
     <span class='ocr_line' id='line_1_43' title="bbox 261 3321 1123 3389; baseline 0.009 -20"><span class='ocrx_word' id='word_1_323' title='bbox 261 3321 285 3372; x_wconf 89' lang='grc'><strong>2.</strong></span> <span class='ocrx_word' id='word_1_324' title='bbox 310 3321 408 3370; x_wconf 89' lang='lat' dir='ltr'><strong>Veteris</strong></span> <span class='ocrx_word' id='word_1_325' title='bbox 425 3321 540 3371; x_wconf 91' lang='lat' dir='ltr'><strong>editionis</strong></span> <span class='ocrx_word' id='word_1_326' title='bbox 556 3322 750 3375; x_wconf 87' lang='lat' dir='ltr'><strong>Mediolanensis</strong></span> <span class='ocrx_word' id='word_1_327' title='bbox 771 3325 1123 3389; x_wconf 77' lang='lat' dir='ltr'><strong>Iac.Bongarsinsa.1595</strong></span> 
     </span>
     <span class='ocr_line' id='line_1_44' title="bbox 226 3387 1123 3458; baseline 0 -17"><span class='ocrx_word' id='word_1_328' title='bbox 226 3389 374 3441; x_wconf 80' lang='lat' dir='ltr'><strong>Gnsaubonn</strong></span> <span class='ocrx_word' id='word_1_329' title='bbox 391 3403 462 3454; x_wconf 88' lang='lat' dir='ltr'><strong>spem</strong></span> <span class='ocrx_word' id='word_1_330' title='bbox 480 3387 588 3452; x_wconf 84' lang='lat' dir='ltr'><strong>iecerat,</strong></span> <span class='ocrx_word' id='word_1_331' title='bbox 606 3392 652 3442; x_wconf 92' lang='lat' dir='ltr'><strong>sed</strong></span> <span class='ocrx_word' id='word_1_332' title='bbox 669 3407 719 3442; x_wconf 92' lang='lat' dir='ltr'><strong>non</strong></span> <span class='ocrx_word' id='word_1_333' title='bbox 738 3395 865 3442; x_wconf 82' lang='lat' dir='ltr'><strong>inventam</strong></span> <span class='ocrx_word' id='word_1_334' title='bbox 879 3393 977 3443; x_wconf 89' lang='lat' dir='ltr'><strong>mittere</strong></span> <span class='ocrx_word' id='word_1_335' title='bbox 995 3407 1046 3445; x_wconf 87' lang='lat' dir='ltr'><strong>non</strong></span> <span class='ocrx_word' id='word_1_336' title='bbox 1065 3400 1123 3458; x_wconf 90' lang='lat' dir='ltr'><strong>pot-</strong></span> 
     </span>
    </p>
   </div>
   <div class='ocr_carea' id='block_1_5' title="bbox 0 0 1250 3775">
    <p class='ocr_par' dir='ltr' id='par_1_10' title="bbox 0 0 1250 3775">
     <span class='ocr_line' id='line_1_45' title="bbox 0 0 1250 3775; baseline 0 0"><span class='ocrx_word' id='word_1_337' title='bbox 0 0 1250 3775; x_wconf 95' lang='lat' dir='ltr'><strong> </strong></span> 
     </span>
    </p>
   </div>
  </div>
 </body>
</html>
