2475 3775
148 158 186 220 14
229 151 259 219 c.
275 168 426 222 susnom
443 167 570 229 rensc.
586 166 929 217 nemausensem
943 167 1013 244 me.
1028 169 1053 217 1.
1097 195 1106 211 s

146 325 247 404 populi
257 325 443 402 adimeretur,
460 334 507 384 aut
517 333 547 384 ut
561 325 653 385 ceteri
667 341 783 403 qnoque
798 323 1039 402 imperatores‘air
1048 330 1140 382 'exer

146 409 249 470 citibus
261 408 458 478 discederent;
473 409 615 486 confisus,
631 412 661 467 ut
676 416 788 486 putant,
803 407 981 484 faciliusne,
999 407 1082 467 simul
1097 417 1141 466 nt·

102 513 105 518 ·
145 509 202 574 que
222 493 368 570 libuisset,
385 501 541 553 veteranos
558 500 782 552 convocaturum
802 510 885 570 qnam
900 492 1068 570 Pompeium
1086 508 1140 550 no·

115 644 118 650 ,
144 595 198 637 vos
221 578 334 638 milites.
378 575 449 637 Cum
474 574 647 636 adversariis
670 585 765 635 antem
791 576 918 655 pepigit,
942 584 990 652 ut,
1012 574 1141 635 dimissis

145 671 212 722 coto
228 659 660 739 legionibus:Transalpinaque
675 659 781 736 Gellia,
800 658 873 719 dnae
890 659 945 718 sibi
960 660 1094 736 legiones
1108 666 1163 718 ets

146 745 292 824 Cisalpine
307 744 473 823 provincia,
495 742 543 802 uel
558 745 644 804 etiam
657 761 713 803 uua
726 743 806 820 legio
822 761 886 802 cum
901 743 1017 818 liiyrieo
1032 757 1139 802 conce·

102 831 278 905 sederetur,
302 827 396 906 quoad
418 821 518 886 c'onsul
540 828 632 889 fieret.
675 829 904 906 verumneque
929 835 1029 886 senatu
1050 827 1139 885 inter-

144 914 277 974 veniente
296 921 326 971 et
344 911 517 971 adversariis
539 911 726 988 negantibus,
748 911 835 989 uliam
855 929 889 970 se
909 911 946 971 de
967 909 1139 990 republica

144 999 272 1058 facturos
288 997 466 1074 pactionem,
490 997 601 1054 transiit
619 997 649 1054 in
670 995 834 1055 citeriorem
854 993 994 1071 Galliam,
1011 1010 1137 1054 conven-

143 1081 276 1156 tibusque
299 1079 425 1156 peractis
438 1078 595 1140 Ravennae
616 1079 858 1156 substitit,‘belio
879 1078 1088 1153 vindicaturus,
1111 1077 1140 1136 si
1149 1096 1178 1138 so

110 1151 119 1172 '
144 1163 212 1242 quid
232 1161 267 1221 de
283 1162 402 1222 tribunis
417 1161 513 1242 plebis
533 1162 784 1227 intercedentibus,
795 1180 850 1242 pro
868 1180 902 1222 se
921 1163 1039 1240 gravius
1055 1179 1072 1221 a
1090 1179 1138 1220 se-

143 1257 210 1308 natu
228 1248 408 1306 constitutum
426 1255 514 1306 esset.
1022 1266 1042 1282 ²

51 1344 54 1350 ·
143 1357 144 1365 ¹
197 1329 242 1390 *Et
269 1323 457 1408 praetextum
470 1329 584 1409 quidem
608 1329 652 1390 illi
674 1330 800 1390 civilium
821 1345 965 1390 armorum
989 1329 1046 1388 hoc
1066 1329 1161 1412 f‘ffii.

144 1431 246 1475 causas
269 1423 363 1474 autem
383 1414 454 1476 alies
473 1414 563 1474 inisse
581 1415 741 1492 opinantur.
785 1412 900 1474 Gnaeus
920 1413 1075 1496 Pompeius
1093 1413 1138 1497 ‚ita

143 1497 306 1575 dictitabat,
327 1497 405 1576 quod
426 1516 521 1576 neque
534 1516 635 1577 opera
657 1515 855 1558 consummare
875 1515 948 1576 qnae
965 1498 1176 1572 institueretis

143 1599 237 1660 neque
254 1582 354 1661 populi
369 1584 617 1661 expectationem,
642 1581 780 1659 quamde
801 1581 995 1659 adventnsuo
1014 1581 1138 1657 iecerat,

128 1666 262 1746 'privetis
275 1664 380 1744 opibus
395 1665 516 1744 explere
532 1674 654 1746 posset,¹
665 1665 781 1726 turbare
797 1667 890 1726 omnia
906 1683 941 1725 ac
958 1666 1138 1744 permiscere

76 1827 78 1832 Ι
129 1749 281 1834 proluisse.
324 1749 384 1808 Alii
399 1750 527 1810 timuisse
542 1749 653 1826 dicunt,
669 1767 706 1809 ne
728 1753 846 1826 eorum,
867 1766 941 1826 qnae
959 1750 1050 1828 primo
1068 1764 1138 1807 con·

142 1834 235 1895 suletu
246 1833 386 1895 ‘adversus
398 1835 526 1914 auspicia
542 1833 684 1913 legesque
699 1841 730 1893 et
743 1835 968 1896 intercessiones
982 1833 1138 1912 gessisset,
1231 1872 1232 1892 2

141 1920 281 1979 rationem
295 1918 418 1978 reddere
435 1928 603 1995 cogeretur;
621 1938 684 1978 cum
694 1918 733 1979 Μ.
746 1917 819 1980 (lato
833 1917 987 1979 identidem
1004 1917 1182 1977 acesinem

141 2005 204 2063 iuro
220 2002 338 2062 iurando
354 2002 547 2078 denuntiaret,
568 2001 727 2062 delaturum
743 2021 777 2061 se
796 2012 901 2062 nomen
920 2003 982 2063 eius
1003 2000 1139 2062 simulac

143 2087 262 2165 primum
281 2087 439 2145 exercitum
457 2085 636 2155 dimisisset:
650 2089 773 2164 cumque
787 2087 879 2163 vulgo
899 2086 965 2147 iore
987 2084 1137 2165 praedico

93 2187 115 2225 ,·
141 2177 222 2243 rent,
247 2178 277 2227 nt
294 2170 319 2227 si
340 2170 467 2246 privatus
483 2168 620 2246 redisset,
638 2169 755 2229 Milonis
772 2170 908 2248 exemplo
925 2168 1139 2248 circumpositis

142 2251 259 2311 armatis
279 2269 394 2311 causam
414 2252 490 2330 apud
506 2252 615 2312 iudices
637 2254 755 2313 diceret.
799 2253 883 2329 Quod
901 2253 1085 2334 probabilius
1094 2252 1155 2327 in-⁴

143 2337 182 2395 cit
203 2333 320 2393 Asinius
347 2334 458 2412 Pollio,
487 2336 652 2396 Pharsalica
678 2339 742 2397 acie
769 2355 875 2399 caesos
903 2339 1176 2437 prodipatosqnesc

142 2415 325 2480 adversarios
349 2420 575 2497 prospicientem
594 2420 668 2481 haec
686 2435 751 2481 eum
772 2421 809 2483 ad
831 2422 950 2482 verbum
966 2415 1075 2482 drxisse
1089 2438 1136 2480 re·

92 2574 96 2578 ¹
141 2504 254 2564 ierens:
273 2500 341 2563 Hoc
358 2504 539 2573 columem,-
560 2504 655 2565 tantm
674 2505 769 2567 rebus
788 2507 885 2587 pestis
898 2506 997 2587 (icius
1014 2504 1139 2565 Caesar

142 2587 360 2648 condemnatus
377 2604 490 2663 essem,
511 2588 573 2647 nisi
592 2587 633 2649 ab
654 2590 792 2651 ceordic
813 2590 962 2651 auxilinm
978 2590 1136 2668 petissem.

142 2671 262 2745 Quidam
289 2680 389 2751 putant
414 2680 528 2750 captum
553 2674 667 2752 irnp'erii
694 2674 899 2734 consuetudine
926 2675 1138 2752 pensitatisque

142 2756 200 2813 suis
217 2764 245 2814 et
261 2756 443 2815 inimicorum·
454 2755 577 2833 viribus,
597 2776 679 2817 usum
699 2759 855 2819 occasione
874 2757 1031 2836 rapiendae
1046 2758 1138 2818 domi·
1149 2778 1177 2820 ao

141 2840 277 2914 nationis,
299 2858 382 2917 quam
400 2849 494 2900 aetate
510 2840 600 2919 prima
617 2843 811 2919 concupisset.
854 2841 1138 2917 Quodexistimnsse

141 2920 291 2984 videbatur
308 2931 336 2981 et
350 2921 470 3001 Cicero,
494 2925 626 2985 scribens
641 2924 678 2984 de
692 2923 802 2985 Officiis
819 2927 904 2985 tertio
925 2925 1001 2986 iibro
1019 2942 1139 3005 semper

142 2998 297 3064 Caesarem
322 3006 350 3063 in
380 3022 434 3065 ore
457 3005 593 3068 habuisse
617 3010 675 3086 [est
698 3007 728 3067 in
748 3008 931 3070 Phoenissis:
955 3012 1050 3091 εἴπερ
1071 2999 1139 3108 γὰρ
1231 3083 1232 3090 ἵ

141 3078 268 3149 ἀδικεῖν
282 3081 359 3167 χρή,
376 3089 575 3169 τυραννίδος
589 3087 664 3169 πέρι
678 3082 856 3153 κάλλιστον
871 3084 1032 3174 ἀδίκημα·
1050 3104 1092 3154 τὰ
1104 3083 1141 3155 d'

141 3162 225 3231 didius
239 3160 389 3251 εὐσεβεῖν
403 3164 521 3254 χρεών]
538 3174 684 3254 Euripidis
698 3194 816 3255 uersus,
833 3196 908 3257 quos
924 3179 969 3239 sic
984 3180 1052 3260 ipse
1067 3195 1138 3239 cou-
1150 3197 1181 3240 os
1231 3161 1232 3190 ³

142 3258 240 3319 vertit:
515 3272 518 3281 ”

291 3344 364 3400 Nam
385 3348 411 3400 oi
429 3346 582 3403 violandum
604 3351 646 3403 est
662 3349 718 3417 ius,
734 3350 871 3421 reccaredi
885 3354 978 3424 pratia

297 3428 458 3487 Woleodcm
477 3438 529 3489 cot.-
548 3432 608 3487 ctir'o
627 3430 708 3488 rebus
722 3435 851 3507 pictatem
871 3437 955 3493 colas.
