2475 3775
213 83 232 121 0
1216 97 1217 108 i

115 199 119 206 .
236 163 715 216 praemarenus-mannaan
734 165 935 228 mauras.
1022 153 1085 218 313

21 365 26 405 ,
86 321 309 404 hypocamisum,
339 321 422 399 aussi
442 298 616 388 taunasim
637 318 741 380 issum
757 319 857 380 Fauna
882 323 949 399 rapi
979 321 1085 383 (lictum
1216 319 1217 398 l

86 407 136 466 vel
155 405 293 481 aiendo,
314 411 345 464 ut
357 403 399 464 illi
413 404 462 483 uui
476 403 570 463 lutura
584 403 716 464 videntur
733 421 839 464 cauere
854 403 972 465 fanatici
986 404 1093 466 dicus,
1216 403 1217 470 l

21 533 51 572 ,Α
85 499 146 559 tnr;
162 489 277 564 mptum
291 485 392 567 templi
407 489 531 553 interius
546 487 640 565 laens3
655 503 713 568 qua
728 487 798 550 nulli
813 489 858 550 ias
873 488 926 548 iuit
941 489 1085 550 accedere
1121 491 1143 556 ᾖ
1216 525 1217 552 1

84 574 140 633 nisi
154 573 310 633 sacerdoti.
573 584 576 591 ·
1002 574 1006 582 '
1216 567 1217 608 l

21 617 26 656 ¹
60 673 73 714 ⁵
147 655 258 716 ursana
280 672 317 715 as
335 654 459 734 assuta]
474 671 539 716 unm
559 654 598 715 aa
617 654 729 716 arnna
749 655 905 733 loquimur,
926 655 1026 716 arnt-na
1045 655 1085 714 n·
1216 665 1217 710 2

21 784 26 824 ¹
86 741 177 802 clusus
191 757 260 816 gen.
277 755 364 815 casu,
381 755 444 798 cuna
458 737 496 798 ula
508 737 764 800 arbitrieartltsii

147 822 320 902 Pomerium]
336 822 431 883 Locus
451 822 528 901 apud
545 825 678 902 antiques
700 823 808 882 circum
820 839 919 884 muros
940 823 1085 902 uelisque·

21 951 25 991 1
84 907 180 983 batur,
196 923 257 966 aen
266 907 398 983 interius,
412 922 451 966 ne
463 907 635 984 iungeretur
651 904 809 986 aediliciis3
825 906 877 966 saul
893 915 924 966 ut
938 915 1018 968 essct
1034 906 1085 967 ali·

22 1036 25 1073 ,
85 989 153 1068 quial
169 990 253 1050 vacui
268 989 305 1050 aul
316 989 501 1051 instruendas
513 992 604 1067 acies,
615 998 697 1074 entra
708 1005 807 1050 muros
820 990 926 1070 aliquid
941 991 1086 1068 relinque·

21 1122 24 1157 p
49 1073 179 1134 saltatur.
207 1073 290 1134 llunc
305 1071 604 1152 lacurnappellalsant
615 1073 874 1152 pomeriumveluti
887 1076 1086 1153 postmeriun,

21 1206 24 1242 ,
84 1173 123 1217 ec
137 1157 216 1236 quad
232 1165 313 1218 esset
326 1167 528 1235 pastrnurnsn⁴

21 1286 25 1326 1
146 1254 243 1315 Garrit
266 1254 394 1331 loquitur
419 1251 554 1330 allicit}
570 1253 682 1329 garrire
698 1253 757 1311 viiii
776 1261 835 1327 eet,
853 1251 935 1330 loqui
955 1262 1085 1330 naturae,

22 1371 25 1379 ,
84 1337 187 1398 dicere
199 1337 249 1396 vel
266 1335 421 1396 facundiae
439 1334 550 1395 ast‘vel
565 1334 720 1396 iudicantis
732 1342 780 1394 aut
797 1335 980 1396 criminantis.

145 1432 226 1493 later
241 1437 450 1512 praegnantem
463 1439 494 1491 et
516 1431 681 1508 gravidans,
697 1431 851 1490 incientem
867 1437 897 1489 et
915 1429 1003 1490 letam
1018 1431 1087 1510 quid

22 1537 25 1574 ι
49 1525 130 1578 mest
144 1517 231 1595 inter}
248 1532 415 1597 praegnans
433 1531 583 1576 ccmmune
598 1513 759 1575 animalium
774 1522 835 1592 est,
860 1513 981 1591 grauida
995 1513 1085 1573 homi·

83 1619 166 1677 uum,
182 1600 296 1660 inciens
312 1601 341 1659 in
362 1607 461 1681 partu,
476 1599 536 1660 leta
555 1607 624 1678 pust
639 1607 760 1679 partum.

22 1710 23 1719 ²
145 1699 225 1760 Inter
244 1699 334 1760 laniat
355 1699 467 1761 lacerat
488 1699 613 1759 lancinat
633 1709 662 1758 et
684 1697 799 1778 scindit]
814 1697 925 1759 lacerat
946 1697 1084 1774 membra,

22 1820 23 1825 κ
82 1783 160 1845 uude
179 1783 263 1843 etiam
278 1783 416 1844 lacernae
432 1792 547 1860 uestes,
564 1782 642 1861 quod
658 1790 723 1842 sunt
740 1790 868 1842 extrema
884 1783 927 1841 sui
946 1789 1029 1860 parte
1045 1781 1086 1840 la·

84 1876 217 1936 ceratae;
238 1867 326 1928 laniat
341 1868 389 1946 qui
409 1866 537 1927 membra
558 1868 587 1926 in
611 1867 746 1947 proprias
765 1865 865 1926 dividit
879 1873 996 1946 partes,
1017 1864 1086 1925 inde

22 1947 24 1994 ἶ
49 1972 74 2012 rc
84 1951 177 2012 lanius
192 1950 313 2027 dicitur,
329 1952 415 2011 etiam
430 1951 518 2010 laniat
533 1951 668 2029 capillos.
686 1946 822 2025 'Quidam
840 1958 1011 2029 putaverunt
1026 1947 1085 2009 lau·

22 2038 24 2076 l
85 2036 141 2095 ciat
155 2044 278 2110 vestem,
292 2037 373 2113 quasi
388 2034 589 2112 laniciatquod
600 2034 636 2095 ab
648 2035 759 2097 laniciis
768 2033 891 2102 dicatum
908 2033 956 2093 alii
971 2032 1088 2093 laniciat

84 2118 181 2200 quoad
196 2117 377 2196 lanuginem,
395 2116 472 2196 quod
488 2136 527 2177 ex
541 2118 607 2177 lana
622 2119 659 2179 sit
674 2116 849 2178 coniectum.

146 2200 228 2261 Inter
242 2200 425 2279 amplectitur
445 2209 475 2260 et
495 2200 689 2280 amplexatur]
706 2200 887 2280 amplectitur
907 2200 1008 2277 semel,
1029 2217 1085 2260 am-

83 2284 219 2363 plexatur
234 2286 362 2364 saepius.

36 2400 75 2453 ,aa
116 2443 123 2453 ,
146 2382 304 2443 Neclicite
321 2384 438 2451 latinum
457 2393 576 2444 estnec
597 2382 720 2451 licitate;
743 2382 814 2443 nihil
834 2390 879 2443 est
895 2381 994 2455 licito,
1019 2383 1086 2461 quia

84 2468 200 2527 omnino
215 2484 273 2528 non
288 2467 400 2528 dicitur.
445 2466 542 2527 Debet
563 2483 636 2544 ergo
653 2466 711 2525 dici
728 2465 856 2545 [iniliciti
872 2473 902 2523 et
917 2464 1086 2542 [inllicitati

85 2549 165 2627 [quia
186 2560 232 2611 cst
251 2560 282 2609 et
300 2551 438 2628 inlicere,
459 2549 621 2610 insidiando
643 2550 672 2608 in
691 2547 720 2608 iel
737 2549 814 2628 quod
828 2547 904 2607 velis
926 2545 1085 2625 deducere]

84 2632 302 2712 ergolinJIiciti
322 2632 541 2709 sumussemel,
557 2630 855 2711 {inllicitatisaepius
898 2628 1020 2704 Quidam
1035 2648 1086 2711 pa·

83 2722 218 2774 taverunt
233 2715 292 2776 lnce
306 2715 363 2775 dici
384 2716 544 2775 licitatores
564 2723 713 2794 emptores
729 2714 829 2791 fletos,
852 2710 882 2771 id
904 2720 949 2772 est
966 2712 1014 2791 qui
1028 2729 1086 2773 uon

34 2806 185 2938 augescat
206 2801 346 2878 empturi,
369 2798 423 2859 seul
445 2797 566 2859 adiectis
586 2798 688 2878 pretiis
713 2815 767 2879 per
788 2795 918 2857 lraudern
939 2804 1086 2874 emptores

23 2926 26 2931 .
104 2881 266 2961 ccipereut.
579 2878 582 2885 '
1040 2906 1041 2912 1

146 2977 225 3038 Inter
241 2979 382 3059 praelium
404 2976 513 3040 bellum
534 2993 661 3061 pugnam
682 2985 712 3037 et
730 2977 834 3056 rixam-l
861 2974 1000 3056 praelium
1026 2980 1084 3037 turss

83 3076 148 3121 mae
163 3069 193 3121 et
207 3064 371 3142 exercitus,
391 3063 498 3124 dictum
512 3081 530 3124 a
544 3062 629 3142 prule
643 3062 790 3129 iuvenum
809 3063 915 3141 (quare
932 3078 1005 3139 ergo
1023 3059 1085 3140 gla-

85 3140 212 3205 diatores
236 3146 356 3207 elicimus
376 3147 453 3209 bene
468 3142 651 3227 praeliatas?
672 3145 739 3225 quia
760 3145 846 3205 etiam
865 3146 971 3204 noxiae
988 3142 1086 3202 virtuti

51 3223 236 3289 &honestius
257 3246 362 3291 nomen
384 3229 564 3310 inponimus)
585 3228 693 3289 bellurn
713 3246 768 3311 per
790 3228 938 3289 antilrasiu
953 3226 1084 3301 dicimus,

85 3310 163 3385 quael
176 3313 292 3373 minime
308 3316 346 3375 sit
365 3313 475 3375 bellum
491 3323 522 3374 et
536 3312 625 3374 malta
638 3312 746 3375 lrabeat
761 3312 887 3391 praefla3
907 3326 1006 3389 pugna
1022 3326 1085 3369 cer-

84 3397 179 3454 tamen
193 3406 241 3459 est
261 3400 290 3460 ἐ.
306 3416 363 3458 unu
384 3398 520 3467 ducrum
541 3398 606 3457 rixa
623 3396 758 3460 humilius
773 3404 802 3455 et
816 3394 966 3456 seditionis
983 3400 1037 3452 est.
