2475 3775
137 164 197 225 140
227 174 257 222 c
270 173 425 222 suarem
433 144 559 232 raanoss
576 173 623 220 oa
639 172 720 221 vura
739 171 920 220 cassanum
937 173 1005 221 ιιιι.
1019 173 1084 220 ιιιι.
1190 135 1193 140 ’

135 329 221 391 nimo
239 337 356 406 praeter
369 326 484 388 modam
501 328 705 418 intemperans.
748 325 882 405 Repetite
901 343 1003 404 caena,
1024 344 1132 387 renun-
1220 367 1221 390 ι

54 454 57 459 -
136 412 231 474 tiantis
251 419 386 472 coactam
398 424 506 486 agmen
530 412 605 470 sicat
627 404 708 469 erant
728 407 866 470 loricatos
890 409 925 469 ad
947 409 1130 471 discumben-
1221 451 1222 458 ι

136 497 202 556 dana
214 494 399 555 atbrortatus
392 503 455 554 ιιι
497 494 608 554 llenuit
629 493 713 552 etiam
737 494 888 553 notissimo
908 493 1014 570 virgili
1030 511 1130 572 versu,
1222 569 1223 572 Ἴ

136 574 844 656 dererectswesdtaqaeeeaebeeaeaaioreat.
1022 601 1024 608 ·

198 662 295 740 Atque
313 663 389 722 inter
404 661 478 721 haec
496 661 645 722 absentem
665 669 794 720 senatum
807 660 1001 740 populumque
1015 663 1157 740 gravis-5
1222 681 1224 698 ι

136 748 209 806 simo
231 745 393 822 obiurgavit
410 744 523 820 edicto,
546 744 623 822 qaod
643 741 784 806 Caesare
796 743 970 823 praeliante
987 752 1018 805 et
1035 747 1132 806 tanus
1224 761 1226 812 i

136 828 365 893 teatensem
391 827 525 904 obiecto,
552 828 733 906 tempestica
762 829 923 906 concivio,
957 828 1071 889 dream
1100 836 1132 890 et
1226 868 1227 880 ι

94 915 259 979 lotbeetre
274 919 459 974 etamecnee
472 928 614 972 secessas
630 909 830 974 celebrarent.
874 911 1038 974 Postremo
1035 915 1130 991 qnasi

136 1005 353 1096 perpetraturus
371 995 495 1072 bellum,
517 995 625 1056 directa
652 997 714 1056 acie
731 995 859 1075 inlitora
875 995 982 1056 Oceani
999 1013 1033 1056 ac
1047 995 1130 1056 balli·

136 1083 189 1142 stis
203 1079 399 1158 machinisque
412 1079 574 1158 dispositis,
596 1081 710 1140 nemine
725 1097 816 1156 gnaro
833 1089 880 1140 aut
895 1081 1030 1158 opinante
1047 1080 1172 1157 quid-10

136 1181 201 1223 nam
215 1173 371 1242 coepturus
393 1172 489 1239 esset,
522 1171 644 1242 repente
664 1171 693 1222 ut
713 1162 839 1223 conchas
861 1162 994 1240 legerent
1014 1163 1130 1239 galeas·

104 1265 194 1347 que
217 1255 246 1306 et
274 1248 352 1306 sinus
381 1247 530 1327 replerent
557 1248 725 1325 imperavit,
758 1246 860 1324 spolia
883 1245 1011 1308 Oceani
1019 1257 1130 1306 vocans

104 1317 292 1408 ‘Capitolio
308 1329 490 1429 Palatioque
504 1329 624 1405 deddc,
653 1339 682 1389 et
696 1331 724 1389 in
740 1331 873 1414 indidiam
888 1331 1029 1390 victoriae
1050 1331 1129 1390 altis·

136 1417 234 1476 simam
248 1423 354 1481 carrera
368 1415 520 1491 excitavit,
543 1433 582 1475 ex
598 1433 655 1514 qaa
670 1423 700 1474 nt
714 1413 807 1475 Pharo
824 1413 956 1474 noctibas
975 1413 1010 1474 ad
1024 1431 1129 1490 regen·

135 1498 196 1560 dos-
209 1498 321 1560 navim
343 1517 444 1560 cursus
469 1500 553 1576 ignes
570 1499 749 1568 emicarcut;
782 1501 1022 1576 pronuntiatoque
1048 1497 1173 1558 militil.

136 1583 270 1642 donativo
300 1585 430 1644 centenis
457 1583 560 1642 vmitim
584 1581 725 1658 denariis,
749 1583 829 1660 quasi
856 1599 940 1642 omne
966 1581 1132 1658 exemplum

134 1663 316 1727 liberalitatis
334 1683 545 1746 supergressus
564 1664 671 1742 Abila,
692 1667 797 1744 inquit,
820 1665 910 1742 lasti,
939 1664 1022 1725 obite
1044 1663 1130 1724 locu·

132 1749 250 1830 pleml
305 1783 308 1786 .

94 1839 127 1899 li
201 1831 365 1897 Conversus
385 1831 452 1895 laiac
465 1833 502 1894 ad
522 1851 618 1895 curam
638 1833 786 1912 triumphi,
809 1841 927 1913 praeter
945 1833 1079 1911 captivos
1096 1849 1132 1892 ac

135 1918 300 1995 mausiacus
320 1918 460 1979 barbaros
474 1918 628 1979 Galliarum
642 1934 757 2016 quoque
783 1918 1015 1996 procerissimum
1033 1920 1131 1995 qucm'-
1121 1929 1171 1971 -ao

115 2009 195 2080 'que
220 2012 251 2061 et
276 2005 401 2080 (utipse
414 2001 546 2079 dicebat)
570 1992 888 2080 ἅξιοθριάμβιιιτον,
919 2018 954 2060 ac
975 1998 1132 2061 nonnullos

137 2105 176 2145 ex
191 2084 368 2163 principibus
380 2086 453 2161 legit
467 2104 502 2146 ac
522 2087 653 2164 seposuit
673 2086 709 2145 ad
728 2098 877 2163 pompam,
902 2084 1057 2162 coegitque
1073 2101 1133 2143 non

135 2176 242 2231 tantum
270 2168 387 2228 rutilare
416 2177 446 2227 et
472 2171 648 2228 summittere
677 2182 802 2244 comam,
836 2167 888 2228 sed
915 2175 945 2228 ct
969 2184 1134 2227 sermonem

136 2247 334 2313 Germanicam
352 2250 501 2311 addiscere
515 2262 545 2311 et
560 2254 674 2312 nomina
688 2252 839 2313 barbarica
854 2252 942 2311 ferre.
978 2250 1135 2329 Praecepit

138 2335 222 2393 etiam
235 2335 374 2409 triremis,
395 2332 498 2411 quibus
519 2336 668 2395 introierat
689 2336 849 2411 Oceanum,
870 2352 974 2412 magna
996 2353 1036 2395 ex
1048 2343 1172 2413 partem

136 2419 239 2479 itinere
259 2419 390 2477 terrestri
410 2418 531 2479 Romam
550 2417 665 2479 devehi.
696 2420 819 2499 Scripsit
839 2428 869 2478 et
882 2416 1133 2499 procuratoribus,

135 2501 306 2580 triumphum
333 2512 508 2581 appararent
532 2520 615 2581 quam
639 2504 751 2563 minima
777 2521 900 2579 summa,
933 2502 984 2562 sed
1012 2510 1134 2581 quamuis

136 2603 286 2664 numquam
309 2586 382 2647 alius
408 2586 526 2664 luisset,
550 2586 664 2665 quando
691 2588 719 2647 in
743 2589 865 2647 omnium
887 2586 1030 2647 bominum
1055 2584 1133 2645 bona

135 2672 180 2730 ius
192 2669 341 2731 baberent.

94 2764 129 2817 48
190 2752 280 2815 'Prius
295 2771 380 2833 quam
398 2755 547 2835 provincia
559 2753 732 2833 decederet,
750 2754 900 2815 consilium
913 2755 975 2814 iniit
990 2752 1134 2813 nefandae
1144 2770 1174 2811 ιιι

132 2838 311 2931 Ιιιιιιιίιιιιίι,
334 2838 483 2917 legiones,
505 2857 580 2917 quae
601 2848 670 2917 post
694 2856 846 2899 excessum
870 2835 1134 2915 Augusti-seditio-

136 2935 201 2977 nem
221 2919 290 2979 olim
308 2932 476 2998 moverant,
489 2922 735 2999 ¹aeontrucidandi,
766 2920 842 3000 qnod
864 2931 894 2981 et
918 2928 1029 2999 patrem
1051 2938 1135 2979 suarm

137 3000 334 3064 Germanicum
349 3004 497 3066 dacemct
510 3022 544 3067 se
562 3006 698 3068 infantem
714 3002 791 3065 tunc'
803 3004 1002 3077 obedissent,
1026 3004 1135 3081 vixque

137 3092 224 3145 atam
244 3089 397 3165 praecipiti
414 3091 590 3165 cogitatione
605 3097 773 3165 revocatus,
804 3088 929 3163 inhiberi
951 3048 1135 3147 nullomodo

136 3170 228 3247 potuit
251 3170 317 3267 quin
341 3170 486 3231 decimare
513 3173 592 3236 velle
622 3180 835 3251 perseveraret.
880 3172 1007 3232 Vocatus
1035 3170 1176 3246 itaquets

136 3250 173 3314 ad
188 3253 358 3313 concionem
373 3255 514 3330 inermes,
534 3265 621 3333 atque
644 3257 728 3317 edam
747 3254 851 3332 gladiis
872 3255 1028 3333 depositis,
1052 3254 1135 3329 equi·

136 3344 194 3397 tatu
206 3345 313 3397 armato
325 3336 519 3396 circumdedit
563 3338 622 3398 Sed
646 3356 709 3399 cum
728 3338 842 3399 videret
861 3346 998 3416 suspecta
1019 3355 1051 3396 re
1070 3335 1135 3414 ple·

135 3436 246 3499 rosque
265 3419 352 3481 dilabi
368 3419 404 3481 ad
422 3420 632 3484 resumenda'
607 3441 632 3484 ιι
645 3440 702 3501 qua
718 3423 762 3482 vis
778 3424 861 3483 lieret
882 3439 976 3497 arma,
1003 3418 1140 3498 profugit
