2475 3775
475 194 681 243 rmnntrto.
817 250 824 263 ,
912 193 1033 247 cxxvu

127 357 257 413 istimem.
301 354 344 409 lle
366 354 475 423 quidem
500 354 734 410 contradicentem
756 372 810 411 nen
826 358 955 425 hebebit,
980 355 1027 427 qui

127 446 217 495 totum
231 454 333 509 corpus
349 437 502 493 batismum
517 438 671 493 litterarum
690 439 825 495 historiae
841 441 1027 498 Suetonium

128 529 237 595 septem
253 518 300 576 vel
316 528 380 577 octo
394 521 498 577 libellis
515 521 675 577 constitisse
691 522 746 577 sibi
764 524 943 593 persenserit.

191 606 319 661 Fortasse
340 612 454 675 quaeret
471 604 571 676 aliquis
589 604 691 675 ecquid
711 612 805 661 exstet
822 606 935 674 iudicii,
956 608 1028 663 unde

130 690 243 744 eluceat
267 704 322 759 qno
343 688 515 759 potissimum
541 692 665 759 tempore
687 688 838 745 Suetonius
860 692 912 745 hos
939 691 1028 749 libros

131 772 255 828 edidisse
277 772 420 834 videntur:
450 788 539 842 neque
561 772 805 842 praetermittenda
824 779 887 829 eunt
901 788 972 844 quse
992 775 1028 829 ud

129 854 1028 925 mmmmmfflmeMMMm

130 940 253 994 virorum
272 940 307 993 ab
326 938 377 993 illo
398 938 563 1010 scriptorum
584 944 675 993 aetate
686 946 852 1009 postremos
875 940 1027 996 contuleri-

129 1038 190 1077 mus
206 1039 265 1077 cum
280 1022 315 1078 ils
331 1037 402 1091 quos
417 1037 471 1075 nou
488 1021 611 1092 scripsit,
626 1022 773 1092 probabile
788 1023 919 1082 iudicium
933 1024 1026 1080 lucere

131 1105 300 1167 videbimur:
330 1106 454 1159 vivorum
481 1105 555 1158 enim
577 1092 733 1161 nominibus
758 1113 786 1161 et
806 1107 871 1163 vitis
897 1107 1029 1163 abstinuit

130 1190 302 1244 necessario.

194 1271 423 1329 Commemoravit
441 1271 527 1341 igitur
556 1287 583 1342 p.
602 1277 654 1330 272
677 1271 889 1340 Quintilianum,
911 1274 1028 1343 leucum,

128 1356 227 1412 lulium
243 1357 370 1412 lironem
383 1356 522 1423 rhetores,
539 1370 608 1425 quos
622 1360 767 1425 autequam
781 1355 845 1411 libri
861 1357 897 1413 de
910 1357 1028 1413 illustri-

128 1437 1027 1509 mmmmmmmmmmmmm

129 1519 1027 1597 mmmmmmmfflmmwmssmmmmffi,

128 1604 1027 1677 lmmmmmmmwmfflmmwmmfflmm

129 1696 293 1745 excesserat
304 1695 375 1743 teste
392 1688 480 1743 Plinio
499 1689 579 1759 epist.
592 1694 619 1757 2,
632 1696 660 1755 3,
675 1696 702 1745 5.
719 1688 771 1743 etr.
788 1689 927 1745 luvenalis
937 1697 964 1759 3,
977 1696 1026 1754 74:

128 1774 227 1827 lulium
247 1774 384 1839 Tironem,
405 1788 484 1841 quem
507 1771 630 1825 nonnulli
653 1771 859 1841 imperitorum
883 1773 1029 1829 Ciceronis

128 1849 1027 1930 ffimssmpfflhfflmmwwmmffimwfflt

127 1937 1029 2009 Qfflmmwmmhfflmmhmmmmmmm,

128 2023 149 2078 i.
169 2041 194 2081 c.
213 2039 284 2080 enno
301 2031 350 2083 105
365 2023 410 2078 vel
429 2027 488 2081 106.
509 2021 579 2076 llinc
598 2020 758 2076 certissime
769 2021 903 2092 sequitur,
919 2027 949 2076 ut
966 2029 1030 2093 post

129 2120 228 2162 sunum
244 2113 294 2167 106
311 2105 339 2160 1ιί
357 2099 421 2160 lib'ri
438 2105 504 2161 editi
521 2105 583 2158 sint.

192 2190 269 2244 Nunc
287 2189 433 2244 ridendum
448 2189 482 2242 de
499 2189 536 2244 iis
552 2204 622 2258 quos
640 2188 817 2258 Tranquillus
832 2205 885 2244 uon
903 2187 1026 2260 scripsit.

127 2273 230 2328 Eorum
247 2281 303 2328 tros
319 2272 440 2340 nomino,
458 2271 614 2326 luveuelem
631 2271 753 2326 Tacitum
769 2267 937 2345 Plinicmfflt.
980 2274 1026 2328 lu·

127 2357 236 2412 venulis
255 2357 392 2422 vilerum,
417 2371 484 2425 quas
511 2355 599 2410 editas
626 2355 691 2410 ride
716 2355 787 2424 apud
810 2354 937 2411 Oltouem
961 2357 1027 2412 lubn

124 2446 225 2512 ·p.386,
239 2441 339 2494 nullam
356 2438 481 2494 Suetonii
497 2454 529 2492 ec
547 2454 581 2492 ne
596 2437 666 2492 sutis
678 2438 787 2507 quidem
802 2445 937 2495 vetustum
952 2456 1027 2508 esse,

126 2525 183 2579 iam
200 2523 272 2577 iuter
290 2538 385 2578 omnes
399 2527 520 2581 constat:
537 2521 664 2590 singulae
680 2521 752 2576 euim
768 2522 829 2593 plus
846 2523 970 2578 minusve
986 2524 1027 2576 la-

127 2608 246 2662 bulosee
267 2612 330 2660 suut
351 2612 378 2660 el
399 2605 471 2660 nulls
492 2604 547 2658 ,tide
564 2603 681 2672 dignae,
703 2620 763 2658 cnut
789 2605 823 2658 de
844 2605 904 2676 ipsu
927 2611 1027 2674 poetae

127 2697 219 2745 seinte
239 2695 350 2745 taceant
370 2695 415 2744 tut
437 2687 507 2742 iulse
531 2686 657 2756 trudunt,
683 2703 763 2758 quem
788 2703 813 2742 u.
837 2692 885 2746 127
908 2687 935 2742 iu
955 2687 1027 2742 vivis
1080 2707 1083 2713 ·

112 2872 128 2892 ³
169 2889 171 2892 ’
196 2883 241 2948 62²)
258 2884 331 2934 Falso
349 2885 472 2933 viventem
486 2882 599 2932 nonnulli
615 2899 630 2931 a
647 2885 726 2933 Plinio
742 2894 766 2933 et
784 2886 901 2934 iuvenale
917 2898 1027 2934 comme-

125 2955 220 3002 morari
237 2954 378 3003 voluerunt.
414 2952 527 3000 Pliniana
542 2953 648 3016 epistole
664 2952 694 3010 6,
715 2953 749 3002 32
766 2955 788 3002 si
807 2970 865 3004 vere
881 2954 913 3002 ed
929 2953 1027 3012 Quinti·

126 3023 222 3072 benum
242 3023 300 3071 dete
324 3030 375 3081 est,
401 3019 464 3070 nihil
490 3033 581 3069 euusee
600 3028 705 3086 apparet
725 3037 770 3070 eun
789 3023 821 3071 de
845 3023 920 3073 labio
942 3023 1026 3087 megis

125 3105 204 3154 quem
219 3092 251 3142 de
267 3090 348 3140 Nonio
363 3091 491 3155 copiatum
515 3088 640 3138 rhetorem
656 3090 742 3138 omnia
757 3091 908 3151 excludunt,
936 3091 982 3140 cfr.
999 3091 1024 3151 2,

126 3161 169 3218 14,
189 3159 214 3209 9.
238 3159 262 3218 6,
280 3157 309 3218 o,
324 3157 348 3209 3.
385 3157 511 3207 luvenalis
531 3157 601 3207 loeus
618 3159 643 3215 7.
661 3157 710 3208 189
726 3159 757 3206 de
776 3169 873 3208 mortuo
889 3161 950 3224 agit,
968 3173 1025 3208 cum

124 3227 169 3278 ille
187 3242 238 3277 nou
256 3227 334 3276 soleat
355 3227 405 3276 nisi
422 3233 533 3275 mortuos
551 3239 663 3291 carpere.
1085 3217 1091 3239 ¹
1115 3234 1119 3252 ¹

196 3311 243 3375 63)
265 3311 328 3360 Num
343 3311 373 3360 de
391 3310 475 3363 Salvio
491 3311 587 3361 iuliano
606 3319 632 3360 et
650 3312 774 3360 Frontone
790 3320 815 3361 et
830 3311 944 3377 Ulpiano,
961 3326 1025 3375 quos

125 3380 269 3443 Heumann,
291 3380 365 3430 eredo
382 3389 409 3428 ut
425 3381 595 3430 centenarium
614 3394 745 3430 numerum
762 3381 905 3446 compleret,
924 3389 1023 3444 postre-

124 3461 181 3499 mos
202 3448 274 3509 lecit,
295 3447 460 3512 Hieronymus
475 3447 623 3515 Eutropium
642 3450 684 3498 lib.
706 3448 769 3498 Vlll.
783 3458 910 3498 auctorem
926 3445 1017 3496 hebuit
