2475 3775
508 121 539 168 c.
558 119 744 170 eucissus.
1068 114 1128 176 135

104 296 108 302 .
127 289 205 349 nae,
230 271 351 333 alterum
371 282 403 333 nt
421 272 577 334 verbosum
594 275 622 333 in
639 275 759 336 historia
775 277 1037 358 neglegentemque
1065 289 1126 342 car*
1232 271 1233 278 ἵ

96 374 101 390 ·
128 355 226 436 pebat.
256 355 314 417 xlte
332 357 403 418 luris
427 375 543 437 quoqne
566 359 722 437 consultis,
754 363 835 439 quasi
860 364 998 424 scientiae
1027 381 1138 426 conum¹

129 457 242 500 omnem
258 459 339 502 usum
361 441 543 518 aboliturus,
561 460 659 522 saepe
679 445 811 523 iactavit,
843 463 878 505 se
892 446 1061 516 mehercule
1081 447 1126 526 ef·
1224 493 1229 502 .

124 522 278 601 foetorum
297 545 337 587 oe
352 525 427 606 quid
445 527 634 609 respondere
650 527 775 604 possint
797 535 925 608 praeter
948 549 1023 591 eom.
1067 533 1172 599 lle-135

103 617 190 670 stera
217 608 385 671 familiarum
413 612 550 688 insignia
568 609 746 671 nobilissimo
771 614 878 692 cuique
903 607 1022 690 ademit,
1055 615 1126 674 Tor·
1183 625 1190 640 ‘

127 701 215 771 quate
248 701 395 773 torquem,
428 693 597 756 Cincinnato
627 697 750 772 crinem,
771 695 846 776 ἱΙΟΝ.
869 697 1008 777 Pompeio
1028 698 1126 777 stirpis

126 777 261 854 antiquae
275 777 373 855 lingui
393 786 566 856 cognomen.
610 778 820 856 Ptolemaeum,
845 781 881 841 de
899 798 956 860 que
971 781 1073 857 retuli,
1097 789 1127 841 et

126 862 296 920 arcessitum
322 879 339 920 e
359 874 460 940 ‘regno
487 871 517 923 et
541 871 695 941 exceptum
717 863 894 942 honorilice,
926 882 984 926 non
1010 865 1065 926 alia
1089 864 1130 950 de

126 961 215 1004 causa
231 954 354 1025 repente
368 947 529 1026 percussit,
559 964 642 1027 quam
659 947 752 1026 quod,
784 948 887 1009 edente
904 967 937 1012 se
953 966 1063 1025 munus,
1084 951 1130 1009 in·

90 1043 116 1082 ro
125 1045 258 1106 gressum
274 1031 444 1108 spectacula
456 1033 638 1091 convertisse
652 1030 796 1092 hominurn
812 1033 915 1092 oculos
929 1032 1046 1110 fulgore
1059 1050 1125 1111 pur·
1143 1053 1147 1066 ·

124 1129 235 1192 pnreae
249 1113 365 1174 abollae
384 1113 592 1175 animadvertit.
623 1113 765 1190 Pulchros¹
779 1125 808 1175 et
822 1124 967 1192 comatos,
992 1117 1126 1195 quotiens

124 1195 195 1255 sihi¹
211 1206 413 1274 occurrerent,
445 1200 583 1278 occipitio
596 1208 598 1212 “
611 1215 679 1258 raso
711 1199 890 1279 deturpabat.
939 1199 1011 1262 linat
1039 1197 1125 1260 lisias
1189 1234 1193 1244 ·

123 1279 265 1340 Proculus
283 1290 367 1359 patre
387 1281 575 1360 primipilari,
600 1281 638 1342 ob
662 1284 811 1360 egregiam
833 1285 969 1364 conponis
996 1283 1125 1361 amplitu-

123 1363 220 1423 dinem
242 1373 274 1423 et
293 1366 423 1442 speciem
445 1363 623 1427 Colosseros
643 1365 758 1442 diotuse
780 1367 856 1444 huno
878 1365 1054 1444 spectaculis
1076 1365 1124 1424 de-

88 1456 248 1508 retractnm
276 1457 403 1527 repente
432 1457 463 1509 et
489 1450 679 1523 inharenam
704 1448 854 1510 deductum
877 1450 982 1510 Tlneci
1003 1457 1033 1509 et
1057 1463 1126 1508 mox

123 1526 320 1609 hoplomacho
350 1535 543 1612 compararit,
571 1533 676 1613 bisque
691 1531 844 1595 'victorem
874 1533 1034 1610 constringi
1062 1534 1125 1591 sine
1197 1521 1200 1540 “

122 1632 205 1676 mora
219 1617 302 1675 iussit
317 1625 347 1676 et
366 1620 468 1693 pannis
484 1617 607 1678 obsitum
627 1618 742 1678 vicatim
760 1617 932 1678 circumduci
948 1635 982 1678 ac
1000 1616 1124 1677 mulieri·

122 1699 177 1779 lours
197 1700 328 1776 ostendi,
351 1699 454 1760 deinde
475 1700 608 1779 iugulari.
652 1698 755 1762 Nullus
776 1701 900 1781 denique
916 1710 973 1762 tam
991 1699 1124 1761 abiectae

122 1783 303 1849 condicionis
317 1792 432 1864 tamque
452 1794 600 1846 extremae
621 1785 708 1846 sorus
730 1785 798 1860 fuit,
829 1787 909 1844 cuius
928 1802 987 1845 non
1000 1799 1124 1843 commo-

84 1867 167 1927 codis
186 1867 373 1958 oltpectaret.
397 1866 589 1950 ¹Nemorensi
614 1871 696 1946 regi,
723 1868 800 1947 quod
822 1867 926 1929 multos
953 1869 1009 1942 iam
1034 1881 1125 1927 annos
1204 1888 1207 1897 ¹

122 1960 275 2031 poteretur
303 1951 487 2030 sacerdotio,
524 1952 694 2014 validiorem
709 1951 923 2013 adversarium
947 1950 1123 2011 subornavit.

122 2034 195 2096 Gnm
219 2036 344 2115 quodam
369 2036 416 2097 die
441 2038 574 2098 muneris·
593 2034 742 2099 essedario
762 2035 865 2121 Porio,
895 2034 932 2097 ob
953 2048 1124 2115 prosperam

122 2135 249 2199 pugnam
271 2138 386 2180 servum
407 2138 488 2181 sunm
507 2119 731 2198 manumittenti,
744 2120 919 2181 studiosius
933 2119 1063 2199 plausum
1078 2134 1123 2176 es·

121 2213 183 2279 set,
212 2205 252 2263 ita
273 2206 415 2284 proripuit
438 2224 470 2265 se
491 2206 688 2285 spectaculis,
719 2214 750 2267 ut
771 2204 883 2265 calcata
906 2203 1008 2263 lacinia
1036 2210 1123 2277 togae

82 2305 268 2367 espraeceps
285 2287 462 2367 per'gradns
476 2289 546 2366 iret,
570 2288 843 2368 indignabundnset
860 2287 1008 2349 clamitans
1028 2284 1141 2345 atnoe*

119 2390 194 2433 nom
212 2372 346 2451 penatium
364 2372 514 2453 poprium
537 2392 577 2434 erc
593 2392 630 2435 re
649 2373 806 2439 levissimo
818 2372 892 2451 plus
911 2369 1038 2432 dosoris
1055 2366 1122 2446 pta-

120 2455 240 2516 de'otore'
272 2455 452 2518 diluentem
487 2475 579 2537 poem
613 2456 804 2523 consecrato
837 2452 1034 2534 principibus
1072 2454 1126 2509 out

116 2540 280 2618 praesenti
294 2539 365 2600 etti.
544 2569 547 2576 <
765 2580 768 2587 »
804 2582 809 2589 ·
1103 2614 1110 2628 .
1160 2560 1166 2569 “

189 2617 348 2684 Pudicitiae
370 2641 466 2703 neque
482 2640 551 2681 suae
566 2640 661 2703 neque
674 2624 788 2684 alienae
804 2620 952 2699 pepercit.
986 2615 1024 2675 Μ.
1039 2614 1121 2706 Lepr-
1131 2626 1165 2680 36

82 2697 203 2784 eodum,
235 2708 411 2768 lllnesterem
433 2706 649 2785 pantomimum,
676 2704 818 2785 'quosdam
845 2699 963 2779 obsides
986 2698 1123 2759 dilexisse

119 2792 213 2851 iertnr
234 2792 409 2851 commercio
431 2788 647 2868 mutui‘stupri.
678 2788 826 2851 ‘Valerius
849 2783 993 2859 Catullus,
1021 2799 1123 2843 oonsu-

118 2874 175 2934 lari
195 2874 302 2935 iamilia
315 2874 443 2949 invenis,
474 2881 633 3017 stnprffirm
648 2892 665 2935 a
681 2891 714 2932 se
731 2888 767 2932 ac
783 2870 875 2932 latera
896 2867 950 2929 sibi
972 2865 1123 2927 contuber-

118 2960 169 3018 nio
188 2960 250 3019 elus
270 2956 496 3019 delessa'etiam
511 2974 556 3017 ,νο
599 2965 695 3017 eratus
717 2964 772 3015 est.
806 2955 910 3033 'Super
929 2967 1060 3013 sororum
1081 2951 1124 3010 in·
1225 3036 1233 3043 Ι

119 3050 203 3103 cesta
231 3052 262 3102 et
287 3037 465 3103 notissimum
485 3043 656 3121 prostitutae
677 3037 828 3115 Pyrallidis
849 3054 977 3099 amorem
999 3052 1057 3097 non
1082 3042 1123 3091 te·
1156 3098 1162 3104 ,

81 3144 202 3188 comere
216 3126 276 3188 ulla
289 3126 456 3187 inlustriore
469 3126 577 3186 iemlna
594 3124 743 3194 abstinuit;
774 3140 844 3203 quas
860 3122 1038 3201 :plerumque
1060 3132 1123 3213 cum

118 3210 230 3270 maritis
245 3210 281 3271 ad
296 3228 415 3272 caenam
432 3219 552 3271 vocatas
565 3217 741 3289 praeterque
757 3206 849 3287 pedes
867 3224 936 3267 suos
951 3208 1123 3263 transeuntis

119 3294 277 3372 diligenter
291 3313 327 3355 ac
347 3294 426 3356 lente
440 3294 626 3355 mercantium
645 3310 725 3353 more
747 3288 960 3365 considerabat,
976 3288 1068 3379 etiam·
1081 3281 1123 3341 ia·
1169 3308 1177 3313 ·

118 3380 197 3440 ciem
210 3396 294 3439 mann
311 3377 466 3456 adlevans,
494 3380 520 3439 si
535 3396 609 3458 quae
624 3376 739 3457 pudore
756 3374 979 3439 submitterent3·
990 3374 1123 3446 querens
1214 3442 1218 3453 ι
