2475 3775
408 122 410 131 ’
483 147 514 196 c.
539 136 726 201 currenni.
1044 146 1103 206 143

6 352 7 355 ,
105 299 424 379 perditionem-assidue
438 303 582 380 gestavit,
603 304 745 366 interdum
769 313 799 366 et
821 307 920 385 bluqni
943 308 1102 382 Alexandri
1131 299 1133 304 ’

5 398 9 463 p
103 384 252 445 thoracem
266 388 420 464 repetitum
434 405 451 446 e
468 387 629 448 conditorio
648 390 720 453 eius.

165 468 213 528 Ex
230 469 391 548 disciplinis
414 469 585 535 liberalibus
607 473 750 535 minimum
774 473 941 552 eruditioni,
961 465 1153 555 'eloquor-ae

15 559 23 566 '
101 553 161 614 tiae
179 551 330 631 plurimum
356 553 491 630 attendit,
507 595 509 601 ·
527 558 706 634 quantumvis
726 557 866 618 iucundus
888 567 919 618 et
940 572 1101 640 promptus,

76 637 203 716 antique
221 637 248 696 si
265 638 457 716 perorandum
467 640 512 713 ,in-
527 639 656 717 aliquem·
676 649 765 702 esset.
808 641 884 712 Ireto
908 651 938 702 et
961 645 1057 722 verbe
1073 655 1102 706 et

102 721 264 781 sententiae
284 721 491 800 suppetebant,
514 723 707 801 pronuntiatio
725 742 839 804 qnoque
855 735 884 786 et
900 738 973 804 vox,
1003 739 1033 788 ut
1051 747 1100 796 ne-

101 822 160 884 que
184 803 289 864 eodem
315 805 375 866 loci
399 824 478 884 prae·
496 807 601 882 ardore
628 809 802 869 consisteret
830 812 1102 885 etenaudiretura
1195 827 1210 860 ’-

99 888 206 968 procul
223 889 371 951 stantibus.
415 888 621 966 l'eroratnrus·²
639 891 815 952 stricturum
828 911 863 952 ec
878 893 1101 956 lucubrationis

100 989 180 1032 auce
202 973 301 1033 ieiumi
314 973 487 1053 minabatum
524 975 617 1035 lenius
644 977 829 1054 comtiusque.
842 977 986 1053 scribendi
1007 996 1100 1056 genus

62 1074 91 1116 ro
101 1055 176 1116 adeo
193 1060 398 1135 contemnens,
425 1067 456 1116 ut
469 1056 609 1119 Senecam
623 1067 687 1118 tum
702 1061 825 1133 maxime
840 1059 1003 1140 placentem
1018 1081 1099 1122 com·
1228 1127 1233 1137 q

99 1139 265 1201 missiones
277 1159 382 1201 mmor
400 1157 596 1220 componere,
625 1146 658 1202 et
670 1141 821 1203 harenam
840 1162 908 1216 ease
926 1146 993 1206 eine
1014 1146 1100 1208 ealce
1181 1184 1190 1194 ,

6 1274 7 1280 ,
101 1223 221 1284 diceret
253 1225 387 1286 ¹Solebat
407 1227 493 1295 etiam
513 1227 666 1305 prosperis
693 1235 838 1308 oratorum
867 1228 1027 1308 actionibus
1053 1248 1098 1291 re·

100 1307 232 1367 seribere
247 1317 278 1367 et
287 1324 462 1385 magnorum
481 1311 510 1368 in
526 1317 627 1369 senatu
646 1327 762 1372 reorum
781 1314 981 1378 accusationes
1000 1312 1097 1372 deien-

101 1393 258 1470 sionesque
282 1392 412 1453 meditari
436 1411 487 1470 uc,
514 1401 601 1471 prout
625 1393 710 1456 sutus
735 1403 881 1472 cesserat,
907 1394 955 1454 vel
976 1412 1098 1474 onerare

62 1477 243 1538 retententiu
265 1494 316 1536 suu
332 1495 475 1556 quemque
494 1477 543 1536 uel
563 1476 732 1553 sublevere,
762 1479 888 1557 equestri
915 1494 1031 1558 quoqne
1052 1495 1097 1536 or·
1211 1498 1213 1504 '

35 1569 42 1578 '
99 1560 167 1623 dine
180 1559 217 1619 ed
231 1559 399 1622 audiendum
413 1561 533 1622 invitato
548 1579 602 1639 per
617 1561 720 1622 edicta.
1186 1627 1188 1634 s

6 1638 9 1659 ¹
163 1643 223 1702 Sed
237 1653 272 1702 et·
282 1644 401 1704 aliorum
415 1661 555 1722 generum
568 1653 646 1704 artes
668 1643 875 1704 studiosissime
890 1654 920 1704 et
936 1645 1095 1706 diversissi·
1105 1653 1140 1708 54

14 1728 17 1743 ¹
84 1731 161 1788 'mus
176 1729 317 1787 exercuit.
361 1728 460 1788 Threx
474 1729 632 1804 etauriga,
659 1727 735 1787 idem
750 1736 850 1788 cantor
867 1737 951 1808 atque
967 1729 1097 1806 saltator,

99 1810 251 1882 battuebat
265 1813 446 1891 pugnatoriis
466 1812 568 1889 armis,
597 1811 747 1888 aurigabat
762 1805 901 1871 'extructo
921 1811 1098 1891 plurifarium

60 1900 198 1965 accirem
213 1895 351 1957 '‘eaneudi
372 1913 407 1956 ec
428 1896 548 1958 saltandi
568 1896 715 1973 voluptate
735 1896 774 1956 ita
797 1895 1000 1973 efferebaturs
1016 1905 1098 1958 utne

100 1979 226 2061 publicis
255 1980 370 2058 quidem
396 1980 571 2059 spectaculis
599 1986 775 2057 temperaret
803 1997 861 2058 quo
881 1980 972 2045 minus
992 1974 1022 2039 et
1042 1988 1097 2041 tru-
1192 2020 1193 2028 κ

98 2064 201 2143 goedo
226 2066 420 2143 pronuntianti
446 2064 628 2139 concineret,
658 2070 687 2121 et
710 2071 824 2140 gestum
846 2062 993 2123 histrionis
1017 2063 1097 2142 qnasi

97 2148 219 2210 laudans
237 2148 286 2208 rel
298 2150 459 2226 ‘corrigens
479 2148 574 2227 palum
594 2148 758 2223 effingeret.
800 2146 864 2207 Nec
879 2146 935 2207 alia
955 2147 991 2206 de
1011 2163 1098 2207 causa
1156 2168 1158 2174 ’

97 2229 214 2294 videtur
235 2232 356 2310 eodie,
386 2250 444 2312 qno
465 2234 567 2311 periit,
597 2230 781 2311 pervigilium
801 2230 939 2313 indixisse
965 2248 1047 2309 quam
1067 2237 1098 2289 ut

60 2318 208 2387 minitium
226 2317 256 2375 in
276 2334 392 2377 scenam
412 2316 572 2396 prodeundi
594 2316 710 2376 licentia
734 2315 874 2394 temporis
890 2315 1097 2393 auspicaretur.

97 2398 230 2463 Saltabet
246 2409 342 2461 autem
357 2418 568 2479 nonnumquam
588 2402 674 2460 etiam
699 2408 802 2468 noctu;
826 2405 856 2458 et
874 2395 1018 2475 ‘quondam
1037 2406 1097 2456 tres

88 2482 271 2546 ”consuleres
297 2485 425 2545 secunda
438 2486 539 2561 vigilia
564 2486 593 2543 in
618 2483 755 2543 Palatium
779 2484 891 2541 accitos
906 2481 1050 2557 multaque
1063 2487 1098 2537 et

98 2578 231 2629 extrema
249 2570 403 2633 monentis
424 2586 513 2647 snper
537 2567 677 2646 pulpitum
704 2565 887 2639 conlocavit,
923 2562 1026 2622 deinde
1052 2578 1097 2629 re,
1151 2600 1158 2606 -

98 2660 189 2733 pente
203 2669 309 2729 magno
324 2652 457 2714 tibiarum
471 2657 501 2709 et
519 2650 715 2712 scabellorum
732 2648 843 2725 crepitu
859 2663 922 2706 enm
936 2644 1013 2724 pella
1027 2644 1098 2703 tuni·

44 2744 193 2815 laneaque
213 2736 296 2796 talari
317 2735 452 2814 prosiluit
471 2750 507 2793 ec
526 2731 668 2793 desaltato
691 2732 803 2813 cantico
818 2729 895 2791 abiit.
939 2727 1034 2806 Atque
1052 2727 1099 2788 hic

10 2883 18 2891 ,
97 2830 157 2882 tam
172 2818 275 2879 docilis
290 2818 326 2879 ad
340 2828 438 2879 cetera
452 2816 678 2877 naturenesciit.
781 2874 784 2890 ,
836 2862 838 2869 ,
1093 2884 1097 2900 ,

163 2904 290 2979 Quorum
305 2920 378 2963 vero
399 2902 494 2963 studio
510 2908 674 2975 teneretur,
703 2897 833 2958 omnibns
853 2895 889 2957 ad
908 2896 1045 2956 insaniam
1057 2894 1139 2961 far-55

97 2990 150 3049 rit.
194 2986 371 3048 Mnesterem
389 2988 591 3066 pantomimum
609 2984 694 3044 etiem
711 2983 785 3041 inter
801 2978 970 3060 spectacula
986 2978 1097 3039 osculu-

97 3072 200 3148 betnr,
229 3072 302 3131 acsi
318 3072 366 3149 qni
387 3071 510 3131 saltante
524 3086 561 3130 eo
580 3068 630 3129 vel
646 3066 752 3127 leviter
767 3064 967 3143 obstreperet,
989 3062 1098 3122 detrahi

62 3159 208 3217 ruinosum
221 3172 305 3215 manu
319 3173 371 3215 sne
384 3154 560 3232 flagellabat.
603 3152 702 3231 Equiti
721 3151 757 3212 R.
772 3148 949 3225 tumultuanti
965 3165 1018 3226 per
1033 3163 1099 3203 cen·
1128 3145 1132 3153 '

97 3241 244 3301 terionem
258 3239 450 3315 denuntiavit,
479 3238 572 3298 abiret
592 3238 654 3298 sine
673 3252 753 3295 more
770 3233 878 3295 Ostiam
897 3229 1100 3311 perferretque

98 3324 137 3385 ad
153 3323 349 3384 Ptolemaeum
362 3341 470 3400 regem
479 3324 509 3382 in
522 3321 719 3382 blanritanium
742 3317 895 3379 codicillos
909 3330 995 3380 uuest
1029 3324 1099 3403 quo·

97 3426 162 3470 rum
179 3408 344 3487 exemplum
359 3414 437 3468 erat:
465 3404 508 3467 Ei
520 3405 701 3486 quemtnoc
714 3402 801 3481 misi,
816 3416 913 3480 oeque
928 3392 1001 3457 toni
1016 3408 1097 3470 lim·
