2475 3775
244 175 330 223 mv
582 171 789 219 rmusnro.

246 333 371 389 bonitate
399 329 542 389 oseaeeati
566 329 677 385 nimiunn
701 329 728 385 oi
753 331 977 401 obsequeremur.
1021 330 1143 387 Eandem

246 416 333 487 igitur
348 416 440 487 iugem
455 430 534 486 quam
550 413 579 467 iu
595 407 725 469 Leidensi
739 413 822 469 nobis
835 413 1047 485 soripseramus,
1061 420 1092 467 ut
1105 430 1142 468 no

246 499 402 572 singularia
427 503 618 570 oaptaremus,
647 495 699 551 sed
720 496 873 553 eommunia
896 502 1068 565 teneremus,
1095 497 1142 553 bio

246 598 356 653 quoque
372 580 552 638 servavimus.
581 577 677 649 ltaque
692 594 856 635 eonsensum
871 577 986 634 Gudiaui
1000 579 1065 635 libri
1080 595 1143 634 uuas

245 664 373 721 Leidensi
387 679 438 736 pro
454 660 608 719 firmissimo
624 661 744 732 pignore
756 661 887 717 leotionis
900 661 1044 733 pristinae,
1058 661 1142 717 idest

244 748 273 804 in
286 746 464 803 Henoebiaao
480 746 632 815 arubotypo
649 744 787 813 inventas,
802 744 958 809 habilinum
973 744 1020 799 ubi
1032 745 1142 801 dissen-

244 830 299 887 tire
314 829 486 899 videbamus,
503 829 532 883 in
547 833 672 883 neutrum
686 826 845 900 proniores,
860 827 905 883 vel
922 827 1092 899 reliquorum
1105 827 1142 881 ii-

244 914 356 970 brorum
373 913 418 968 vei
434 911 522 983 ipsius
544 910 586 966 rei
607 910 715 967 ratione
740 910 833 966 babitu
850 916 972 967 retorem
993 910 1142 965 tentionem

244 996 356 1066 assequi
372 994 534 1051 studuimus.
779 1042 783 1051 .
811 992 814 997 ’

303 1079 379 1134 Haeo
394 1084 423 1134 nt
438 1076 544 1149 aliquot
559 1076 694 1149 exemplis
711 1077 885 1147 eoniirnnem,
906 1092 1043 1135 oomousu
1059 1075 1140 1132 eodi-

244 1178 304 1216 enm
319 1162 462 1217 beidensis
480 1166 508 1215 et
526 1159 643 1217 Gudiani
661 1159 784 1217 stabilita
800 1159 974 1217 existimaui:
994 1177 1021 1232 p.
1032 1164 1093 1229 253,
1106 1164 1141 1217 26

241 1243 344 1299 Iaeous
369 1260 424 1299 non
441 1243 607 1316 aspiratum,
632 1260 662 1315 p.
683 1249 751 1313 266,
775 1251 806 1303 15
826 1244 918 1299 adbuc
939 1243 1083 1312 omissum,
1105 1248 1141 1301 30

242 1341 322 1383 suum
338 1328 479 1382 annalium
493 1326 592 1395 Enni,
608 1344 637 1398 p.
654 1332 721 1397 262,
735 1332 770 1385 24
789 1326 822 1382 Is
837 1328 964 1398 sorpsit,
982 1344 1009 1405 p.
1026 1330 1091 1395 264,
1106 1331 1141 1385 33

243 1410 393 1481 Catulinae,
409 1416 538 1483 p.266,1
555 1409 751 1479 inscribuntur,
769 1416 868 1484 p.268,
881 1416 915 1469 21
929 1409 1140 1478 ostenderemus,

242 1511 271 1566 p.
286 1500 355 1564 271,
376 1500 412 1555 23
425 1494 571 1565 optulisset.
613 1492 718 1548 Eodem
733 1508 870 1549 eonsensn
890 1511 918 1566 p.
932 1498 999 1562 265,
1020 1498 1055 1553 39
1073 1508 1139 1547 con·

242 1577 390 1644 distamen,
407 1594 434 1648 p.
452 1580 519 1645 271,
540 1581 573 1634 25
587 1575 762 1630 conditionem
776 1577 868 1649 posui.
912 1576 943 1632 ln
960 1576 1087 1633 dissensu
1104 1575 1139 1631 ii·

242 1660 354 1715 brorum
393 1659 553 1731 piorumque
588 1658 746 1716 austeritati
772 1654 959 1732 beidemist)
990 1660 1140 1715 obsecutus

245 1738 288 1816 (e.
306 1758 330 1797 o.
347 1760 375 1815 p.
383 1748 443 1803 259,
459 1745 492 1803 37
507 1742 596 1812 simul,
611 1760 639 1816 p.
652 1747 714 1812 262,
732 1742 921 1816 audianum,
934 1746 967 1803 37
981 1744 1016 1798 sit
1028 1744 1140 1814 sopien-

242 1828 323 1898 tium,
339 1844 367 1900 p.
383 1831 450 1896 269,
466 1831 500 1883 16
515 1831 693 1897 consuerant,
716 1831 752 1885 28
767 1823 863 1901 affuit)
880 1842 1078 1898 nonnumquam
1096 1830 1138 1881 ta-

175 1929 179 1932 ·
242 1927 304 1967 men
323 1910 447 1968 Gudiano
462 1910 665 1966 oboediendum
684 1909 797 1982 putavi,
820 1916 850 1964 ut
871 1909 977 1966 iubis:
997 1927 1024 1981 p.
1039 1915 1102 1979 257,
1122 1914 1138 1969 7

242 1995 408 2065 adnotatum,
424 2011 451 2065 p.
466 1998 528 2062 258,
546 1998 579 2051 14
592 1993 721 2061 Posthac,
738 1999 771 2052 19
783 1993 907 2064 Lamus,
924 2010 954 2065 p·
967 1999 1029 2062 259,
1044 1999 1078 2052 18
1092 2008 1139 2047 re-

236 2082 312 2146 peto,
330 2093 358 2147 p.
375 2082 436 2141 260,
454 2081 487 2134 25
500 2077 690 2146 mammutius,
706 2093 735 2147 p.
749 2080 811 2147 263,
826 2082 860 2135 16
875 2077 965 2145 Eros,
986 2093 1013 2148 p.
1027 2081 1087 2145 264,
1104 2081 1139 2136 36

240 2160 399 2228 superiore,
415 2173 442 2227 p.
458 2161 548 2225 265,1
562 2157 701 2225 Pasicles,
717 2163 734 2217 3
749 2162 776 2213 et
790 2167 807 2218 5
821 2159 959 2232 Zmyrnae
975 2164 1003 2214 et
1016 2158 1139 2231 Zmyrna

241 2233 284 2310 (p.
300 2245 367 2308 259,
386 2244 419 2298 37
442 2236 579 2309 Smyrnae
594 2239 744 2297 Suetonius
760 2242 793 2297 ab
810 2258 841 2298 se
857 2238 949 2315 dedit)
972 2260 1001 2315 p.
1016 2247 1083 2312 266,
1106 2247 1140 2300 14

239 2320 334 2389 aerbo,
350 2338 377 2393 p.
392 2326 453 2390 269,
469 2325 503 2378 21
520 2318 637 2386 Ostiam,
656 2328 690 2384 32
702 2325 903 2395 imposuerunt,
921 2343 949 2398 p.
964 2330 1026 2395 276,
1044 2332 1078 2383 10
1090 2341 1139 2381 or-

240 2403 380 2474 dearium,
402 2420 429 2475 p.
449 2408 518 2474 272,
540 2412 572 2463 11
601 2405 753 2478 Vurpinius.
798 2408 946 2464 Rarissimo
969 2409 1003 2464 ab
1018 2413 1138 2479 utroque
1192 2474 1197 2482 ,

240 2488 424 2544 resedendum
444 2487 511 2556 fuit,
540 2487 612 2543 sieut
634 2503 661 2561 p.
683 2496 750 2559 263,
771 2497 806 2548 22
830 2489 942 2546 Memmi
962 2490 1063 2563 soripsi
1082 2507 1137 2563 pro

238 2569 429 2642 Memmia,p.
450 2571 622 2639 270‚26u6
639 2572 768 2643 proed.
803 2572 1137 2645 semelp.269,1oubi

239 2655 310 2711 aiter
324 2661 405 2727 atque
418 2653 490 2710 aiter
503 2659 529 2709 et
538 2652 704 2727 praebebat,
719 2661 836 2728 uterque
852 2656 939 2725 solus,
952 2655 1135 2712 sillonentina

240 2737 363 2794 odilione
384 2743 412 2793 et
423 2737 611 2794 deterioribus
627 2739 707 2796 libris
722 2755 757 2795 uo
772 2739 960 2812 reeipiendunu
974 2737 1049 2796 duxi.

240 2863 440 2878 Ἃ

239 2929 351 2978 similiter
373 2933 399 2980 in
417 2933 538 2984 Vaticano
556 2934 625 2985 1518
647 2934 753 2997 aliisque
771 2933 841 2984 libris
865 2935 952 2985 insint.
987 2933 1135 2996 Namquee

238 2996 368 3047 Vaticanis
387 3013 486 3062 qnoque
503 3002 557 3050 suis
575 3000 686 3050 Aobiiies
705 3001 799 3050 Statius
816 3001 879 3051 haee
893 3002 1018 3069 prodidit:
1033 3018 1060 3068 p.
1073 3001 1134 3062 269,

238 3064 269 3115 31
289 3063 391 3115 Seruium
404 3074 463 3128 poet
478 3065 532 3128 boa,
545 3083 571 3134 p.
591 3067 650 3128 261,
668 3067 684 3118 6
703 3071 868 3133 neplepentln,
886 3085 913 3136 p.
931 3068 990 3130 263,
1009 3071 1042 3122 16
1058 3068 1135 3119 Stra-

237 3131 331 3194 beru‘us,
348 3148 375 3198 p.
393 3133 450 3194 264,
468 3132 502 3183 33
519 3137 658 3198 Catulinae,
675 3135 710 3187 36
724 3141 863 3199 memore,
878 3138 912 3189 37
927 3141 1017 3201 perite,
1034 3154 1060 3204 p.
1071 3136 1133 3200 269,

237 3199 271 3250 28
289 3201 377 3263 isfuit,
396 3217 421 3266 p.
443 3201 501 3262 272,
520 3205 681 3263 domentiae,
703 3203 732 3254 ll
755 3205 897 3270 Verpiniue.

303 3266 351 3330 46)
365 3268 485 3318 Eiusdem
501 3269 558 3321 iibri
576 3270 722 3322 auctoritate
740 3286 766 3337 p.
779 3273 838 3335 261,
856 3274 890 3324 ab
900 3273 1018 3337 Epirota,
1035 3274 1134 3324 276111·

236 3335 287 3384 ruu't
304 3336 404 3396 nititur,
429 3334 479 3386 illio
496 3340 617 3389 vocabulo
635 3345 661 3388 et
681 3340 826 3402 subnotato,
850 3340 891 3390 hio
910 3343 1030 3390 inclaruit
1044 3355 1060 3390 a
1076 3356 1134 3392 oor·

235 3407 330 3454 restore
346 3404 447 3471 scripto.
484 3406 546 3455 Item
559 3422 586 3472 p.
606 3406 671 3470 276,
688 3407 722 3458 26
737 3407 841 3471 Epidio
854 3410 937 3474 prima
954 3423 1031 3459 manu
1048 3418 1097 3464 est.
1214 3476 1215 3479 Ἴ
