2475 3775
134 149 196 212 202
218 160 248 211 a.
263 159 415 210 sueram
430 160 557 222 nanno
574 161 622 208 nu
637 160 720 208 uma
741 157 924 210 aaussuou
938 129 1006 208 urb.
1022 159 1082 208 vrr.

103 369 106 376 ,
134 318 283 396 sequentis
294 333 396 392 casus,
414 333 472 394 quo
485 315 595 376 medius
616 316 691 375 iuter
708 317 857 395 utriusque
873 315 948 377 blios
966 307 1058 376 eutitii
1076 317 1133 376 im·

155 409 261 461 erator.
571 405 574 411 '
729 447 732 463 ,
958 414 969 427 ·

134 419 153 479 p
194 482 304 545 dilala
315 483 442 544 Caesare
457 479 500 567 [ia
511 482 610 545 looatm
622 483 785 561 Gaetalliei
795 483 973 560 substitutus,
986 481 1130 561 postridie
1229 561 1230 568 ἵ

132 584 217 647 quam
233 567 268 628 ad
280 569 415 645 legiones
426 567 522 644 veuit,
539 568 672 627 sollemni
684 567 760 628 iorte
772 565 942 647 spectaculo
955 566 1129 647 plaudentes

130 651 266 730 inhibuit,
280 652 344 712 data
357 661 483 728 tessera,
500 660 531 711 ot
545 669 645 712 manus
664 652 787 729 paenula
803 653 997 721 continereut;
1017 652 1151 712 statim-s

130 753 188 818 que
200 754 255 817 per
266 745 361 796 casua
374 737 508 797 iactatum
519 744 579 795 est:
936 761 941 766 ¹

207 819 303 882 Disce
314 820 402 883 miles
416 819 562 895 militare,
579 818 684 882 Galba
698 827 833 897 estana
848 818 1046 880 Gaetulicus!

129 905 195 967 Pari
206 906 365 964 serentate
377 903 526 964 interdixit
535 913 712 966 commeatus
724 905 794 982 peti.
818 904 995 972 veteranum
1007 921 1043 964 ac
1055 904 1124 962 tiro·

39 1007 45 1015 ’
129 1007 195 1050 nem
206 988 324 1049 militem
336 1005 429 1066 opere
442 986 558 1048 assiduo
574 973 788 1064 corroborauit,
800 997 969 1066 matureque
982 986 1123 1062 barbaris,

130 1075 178 1152 qui
200 1075 255 1132 iam
273 1073 303 1134 in
322 1071 444 1132 Galliam
460 1087 553 1150 usque
575 1067 784 1152 proruperant,
803 1072 955 1149 coercitis,
977 1070 1126 1150 praesenti
1135 1081 1161 1126 ro

128 1174 246 1236 quoque
258 1154 330 1216 Gaio
346 1155 434 1237 talem
446 1162 521 1215 etse
537 1164 567 1214 et
577 1158 738 1216 exercitum
751 1155 939 1235 approbavit,
958 1165 987 1215 ut
998 1156 1070 1215 inter
1081 1154 1125 1216 iu·

127 1257 261 1300 numeras
279 1249 503 1320 contractasque
524 1257 562 1298 ex
577 1239 710 1300 omuibus
732 1240 890 1319 provinciis
909 1240 1010 1318 copias
1027 1255 1126 1316 neque

127 1326 320 1385 testimouium
342 1342 439 1403 neque
457 1323 586 1403 praemia
604 1323 745 1404 ampliora
764 1323 815 1384 ulli
840 1323 1043 1403 percipereut;
1059 1323 1125 1401 ipse

126 1410 249 1469 maxime
260 1410 398 1486 insignis,
411 1407 489 1487 quod
500 1417 693 1487 campestrem
705 1407 906 1468 decursionem
925 1415 1008 1467 scuto
1024 1404 1124 1466 riade·

126 1502 217 1570 ratus,
232 1493 365 1554 etiamad
377 1491 513 1554 essedum
523 1492 709 1570 imperatoris
721 1509 775 1571 per
786 1491 888 1568 viginti
900 1505 1034 1570 passuum
1045 1489 1124 1550 milia
1133 1506 1158 1548 rs

127 1578 265 1637 cucurrit.
1229 1631 1230 1642 ,

65 1681 70 1696 ’
96 1673 114 1728 t
190 1659 510 1737 CaedeGaiuuutiata,
523 1658 619 1719 multis
639 1659 676 1722 ad
693 1660 880 1720 occasionem
904 1657 1121 1734 stimulantibus,
1229 1657 1230 1724 l

126 1745 252 1823 quietem
265 1743 408 1823 praetulit.
432 1743 489 1804 Per
511 1743 569 1802 hoe
585 1745 767 1821 gratissimus
787 1742 907 1804 Claudio
925 1750 1123 1824 receptusque
1229 1749 1230 1794 l

124 1830 154 1889 in
169 1830 321 1891 cohortem
331 1829 505 1906 amicorum,
522 1836 618 1889 tautae
631 1827 805 1907 dignationis
818 1835 863 1889 est
873 1825 1002 1904 babitus,
1017 1835 1045 1886 ut
1058 1843 1124 1886 cum
1229 1833 1230 1838 ’

125 1914 219 1975 subita
229 1914 258 1973 ei
270 1913 395 1975 ualitudo
409 1932 466 1974 uec
476 1912 550 1973 adeo
561 1914 661 1991 gravis
672 1913 836 1991 incidisset,
857 1911 961 1972 dilatus
979 1912 1157 1989 siterrpeao

125 1997 241 2057 ditioms
254 1997 436 2059 Britannicae
448 1997 520 2058 dies.
536 1996 666 2057 Africam
677 2016 732 2076 pro
745 1996 865 2060 consule
876 1995 994 2055 biennio
1009 1996 1122 2075 optinu-

123 2082 146 2139 it
158 2089 240 2140 extra
256 2090 365 2141 sortem
384 2082 496 2142 electus
508 2080 545 2141 ad
555 2080 741 2142 ordinandam
753 2080 934 2161 prouinciam
946 2088 976 2139 et
988 2081 1122 2145 intestina
1140 2101 1144 2107 ·

124 2163 306 2223 disensioue
323 2172 354 2223 et
374 2164 563 2224 barbarorum
579 2166 699 2225 tumultu
725 2166 894 2244 inquietam3
919 2162 1122 2241 ordiuavitquc

123 2243 229 2322 magna
241 2248 406 2310 severitatis
423 2264 458 2306 ac
475 2248 600 2308 iustitiae
621 2266 705 2325 aura,
727 2250 812 2309 etiam
827 2250 857 2308 iu
874 2248 1005 2328 ¹parvulis
1022 2247 1121 2307 rebus.

123 2328 217 2406 biiliti,
235 2329 283 2408 qui
295 2347 349 2407 per
360 2328 575 2414 cupeditiouem
585 2333 729 2394 artissima
745 2350 858 2394 annona
875 2332 1021 2393 residuum
1041 2330 1118 2391 ciba·
1129 2342 1155 2382 2⁵

123 2417 232 2477 riorum
249 2414 337 2473 tritici
347 2414 472 2473 modium
485 2424 599 2474 centum
611 2415 738 2477 denariis
751 2416 919 2478 vendidisse
931 2415 1120 2493 arguebatur,

123 2499 225 2581 uetrrit,
242 2496 424 2577 simulatque
436 2496 567 2575 indigere
580 2499 822 2579 aibocoepisset,
838 2519 853 2562 a
865 2508 1014 2579 'quoquam
1033 2516 1120 2577 opem

122 2583 208 2653 ierri;
221 2592 251 2641 et
261 2584 286 2641 is
298 2582 374 2642 ianne
386 2582 524 2647 extabuit.
543 2583 583 2644 At
594 2584 624 2643 iu
636 2586 698 2646 iure
711 2583 834 2645 dicendo
848 2602 913 2643 cum
932 2584 968 2644 de
987 2584 1119 2663 proprie

89 2708 90 2711 ,
122 2676 182 2727 tate
193 2666 311 2727 iumenti
322 2675 523 2745 quaereretur,
535 2666 650 2728 leuibus
663 2670 803 2746 utrimque
816 2670 992 2746 argumentis
1004 2666 1119 2727 attesti-

123 2748 178 2807 bus
188 2750 313 2827 ideoque
325 2750 435 2812 difficili
447 2751 614 2812 coniectura
625 2754 765 2829 sedatis,
780 2752 819 2811 ita
836 2750 970 2812 decrevit
979 2760 1010 2813 ut
1027 2749 1061 2811 ad
1076 2750 1119 2811 la·
1129 2763 1155 2805 ao

124 2848 203 2907 cum,
221 2832 270 2891 ubi
281 2832 418 2913 adaquari
429 2834 558 2913 solebat,
578 2835 732 2896 duceretru
749 2835 845 2913 eapite
864 2836 1120 2913 involuto‚‘.atque
1227 2884 1228 2893 ,

11 2925 15 2936 ’
121 2912 229 2974 ibidem
244 2916 376 2977 revelato
395 2919 458 2978 eius
475 2928 570 2996 esset,
590 2917 627 2979 ad
644 2937 729 2997 quem
747 2928 853 2999 sponte
870 2937 903 2979 se
923 2929 1026 2999 apoto
1037 2936 1119 2978 rece·
1227 2938 1228 2995 j

124 2997 226 3076 pisset.
912 3024 916 3030 ·

93 3102 113 3154 8
184 3078 228 3139 Ob
240 3097 288 3139 res
299 3089 329 3139 et
339 3086 444 3143 tuuciu
459 3083 559 3149 Africa
574 3093 604 3144 et
615 3085 684 3145 olim
699 3088 727 3146 in
746 3086 897 3150 Germania
914 3096 1017 3165 gestas
1036 3104 1138 3147 orna-1

122 3173 217 3225 menta
227 3163 409 3242 triumphalia
420 3170 536 3247 accepit
550 3162 580 3227 et
593 3168 786 3231 sacerdotium
800 3173 925 3251 triplex,
943 3174 1019 3232 iuter
1037 3171 1119 3249 quin·
1130 3190 1159 3233 aa

122 3247 297 3308 decimviros
308 3245 484 3326 sodalesque
497 3252 588 3312 'litias
602 3252 670 3313 item
687 3253 866 3331 Augustales
886 3265 1058 3336 cooptatus;
1076 3262 1120 3314 at·
1226 3284 1227 3335 ,

123 3348 179 3408 que
191 3352 230 3393 ex
241 3347 277 3392 eo
290 3336 422 3406 tempore
435 3349 529 3411 prope
541 3333 577 3395 ad
590 3336 713 3397 medium
730 3337 857 3399 Neronis
877 3342 1070 3419 principatum
1090 3339 1122 3397 iu
1226 3350 1227 3399 l

57 3418 60 3423 '
121 3430 242 3477 secessu
254 3415 403 3494 plurimam
415 3414 493 3493 vixit,
506 3419 560 3497 (ne
571 3418 608 3480 ad
616 3421 786 3497 gestandum
796 3421 910 3502 quidem
922 3440 1055 3503 umquam
1061 3424 1123 3484 iter

252 3559 263 3589 Ι
