2475 3775
463 196 667 246 ιιιιιιιιιιι
950 199 1017 269 rur

111 364 202 427 erent,
217 354 246 411 in
259 356 322 411 hec
327 355 452 412 editione
469 362 598 412 eccurrte
612 353 774 428 expressum
788 373 852 413 esse
866 358 938 446 scito
949 376 1028 417 ver-

111 442 264 499 siculorum
278 437 366 495 initiis
382 438 515 495 reductis.
942 480 944 484 .

71 572 83 591 ,
175 524 218 579 De
232 522 288 578 vite
305 520 454 579 Caesarum
469 522 542 580 lihrr
558 531 623 582 octo
638 538 693 594 quo
708 528 836 595 tempore
852 525 944 595 editi,
958 541 1014 597 quc

110 606 253 682 principio
266 604 422 687 precditi,
427 622 483 675 qur·
501 606 654 663 rationein
670 606 759 661 libros
776 612 805 661 et
823 608 914 679 capitu
929 608 1014 665 dirisi

54 758 60 769 ‚
111 691 233 759 tuerint,
256 688 448 759 exposuimus;
469 690 522 745 iem
538 690 684 745 dicendum
699 695 757 758 est,
780 705 835 759 quo
850 692 971 747 consitio
986 697 1016 747 ιι

113 791 169 846 quo
187 770 329 829 scribendi
351 787 456 842 genere
472 773 635 844 compositi,
652 772 773 843 denique
786 774 885 844 quibus
902 775 1014 863 iudiciis
1093 803 1095 808 ·
1126 844 1130 849 ι

113 875 128 913 e
145 854 268 930 posteris
283 854 398 927 excepti
415 854 479 911 siut

175 939 286 995 Amisso
302 938 397 1009 operis
412 938 493 995 initio
509 955 568 994 cum
584 940 749 997 auctorem
740 956 831 1013 ipsum
844 942 879 995 de
895 927 1015 997 consilio
1123 937 1127 946 '

113 1040 166 1081 suo
182 1020 342 1091 laborisque
354 1022 518 1079 adiumentis
528 1022 711 1079 disserentem
717 1042 773 1080 non
788 1025 948 1093 hebernus,
962 1025 1016 1082 hoc

114 1106 181 1163 mihi
198 1106 307 1161 videtur
323 1111 386 1159 ente
407 1107 496 1161 omnir
518 1121 550 1162 ec
568 1106 658 1177 probe
675 1108 821 1163 tenendum
839 1124 920 1177 esse,
943 1107 995 1162 ιι
987 1123 1016 1163 ιιι

113 1190 267 1246 vitarum
289 1188 557 1260 scriptoribus,
576 1190 676 1262 nonin
693 1191 870 1247 historiarum
894 1191 1017 1252 unctori-
1070 1261 1074 1267 Ι

114 1274 166 1329 hus
190 1270 326 1327 collocari
348 1287 379 1327 se
394 1266 556 1345 voluerit³)·
599 1274 694 1344 ltaque
710 1274 814 1345 inique.
828 1273 950 1343 iaceret,
970 1273 1017 1344 qui
1102 1345 1106 1350 ἡ

114 1354 276 1428 prooemia,
302 1354 464 1429 erutiones,
486 1370 591 1411 morum
610 1355 834 1413 edumbretiones'
855 1363 884 1413 et
903 1358 927 1412 si
946 1373 1017 1428 quse

114 1440 212 1495 solent
227 1436 308 1493 huius
324 1438 437 1507 gereris
453 1437 552 1495 citiore
565 1446 593 1495 et
608 1440 741 1511 ampliore
753 1442 787 1496 eh
799 1440 942 1496 historicis
957 1457 1018 1496 cum

115 1519 365 1591 rerumgestarum
381 1522 511 1591 memorie
530 1522 678 1593 coniungi,
700 1541 715 1579 e
730 1523 890 1594 Tranquillo
906 1522 1018 1579 doside-

114 1612 207 1669 reret;
229 1603 295 1660 teiie
316 1620 406 1675 neque
427 1605 548 1677 scripsit
562 1622 651 1678 neque
667 1623 699 1661 se
713 1607 880 1679 scripturum
900 1607 1018 1679 recepit,

114 1690 171 1745 hoc
192 1702 274 1743 unum
297 1694 409 1743 secutus
432 1694 460 1742 ut
481 1687 629 1745 Caesarum
653 1690 800 1747 duodecim
820 1690 903 1745 vitem
928 1706 1018 1760 neque
1067 1678 1071 1686 ⁸

98 1771 265 1844 ‘quicquum
284 1776 430 1843 praetcrea
447 1778 645 1848 componeret,
685 1774 751 1830 Tute
772 1772 917 1829 consilium
932 1773 1018 1829 heud-

116 1870 255 1928 quequsm
271 1853 478 1926 improbandum
499 1855 588 1925 duco,
609 1871 670 1910 cum
692 1872 738 1914 res
754 1856 926 1912 enarrendee
944 1861 1018 1924 sunt,
1055 1922 1058 1928 Ι

115 1955 232 2010 querum
247 1953 348 1994 summe
365 1939 404 2010 ed„
417 1955 499 1993 unum
512 1939 666 2010 principem
687 1934 768 2008 regio
784 1938 893 2009 quidem
909 1938 1018 1992 nomine

116 2027 259 2080 carentem
276 2023 326 2078 sed
346 2028 485 2093 potestate
505 2023 566 2094 ptus
589 2038 670 2093 quem
692 2022 773 2092 regie
793 2020 949 2093 praeditum
969 2021 1023 2076 de-

116 2107 173 2162 lete
190 2111 248 2169 ιιι;
263 2105 344 2160 immo
355 2105 519 2162 trudendum
537 2107 601 2162 ess'e
614 2105 761 2176 existimo,
776 2121 837 2160 cum
854 2104 1020 2176 scriptorem

12 2245 13 2262 ,
117 2189 239 2268 aliquem
269 2187 353 2243 video
380 2188 554 2266 intellexisse
587 2191 644 2245 hoc
672 2206 704 2244 ec
731 2188 873 2245 scribendi
903 2204 1018 2259 genere,
1094 2187 1127 2254 j

28 2337 31 2344 ¹
117 2272 223 2342 quod
215 2289 244 2326 ιι
258 2271 323 2327 vitis
348 2271 519 2345 exponendis
535 2279 679 2342 versetur,
701 2273 811 2328 facilius
829 2288 908 2342 quem
930 2272 1018 2327 histo-

104 2356 177 2424 ,ricn
191 2361 261 2424 erte,
279 2370 345 2410 rere
359 2355 408 2411 ilie
423 2360 451 2409 et
467 2344 623 2426 praecidere,
636 2362 666 2412 et
679 2357 734 2412 sibi
750 2362 779 2461 et
791 2356 856 2410 eliis
870 2355 938 2410 setis
954 2371 1019 2410 esse

116 2438 264 2495 iacturum.
648 2469 672 2514 0

180 2521 237 2576 Sed
250 2523 304 2576 hoc
321 2515 411 2576 timec
427 2523 634 2578 concedendum
651 2525 704 2592 ιιι,
720 2488 915 2578 Sertorianum
931 2523 1178 2591 genus0r⁴⁵r1⁸viiot

12 2621 13 2640 ι
118 2620 209 2675 neque
232 2603 266 2660 cd
286 2603 373 2659 Teciti
396 2601 569 2674 Agricolam
578 2622 668 2676 neque
690 2606 724 2661 cd
747 2605 925 2660 Pluterchees
947 2602 1018 2663 vites

12 2739 13 2748 ,
118 2687 267 2744 secedere.
295 2687 411 2743 Primum
427 2687 498 2742 enim
512 2695 663 2759 temporum
678 2687 789 2744 nimium
802 2686 952 2758 indiligens
967 2689 1020 2755 cst,

12 2823 14 2828 .
120 2787 182 2826 curn
198 2785 254 2826 non
271 2771 353 2827 modo
369 2771 404 2826 ed
424 2785 554 2827 surorum
576 2776 703 2829 numeros
719 2777 830 2843 prester
845 2769 963 2825 uetetern
977 2769 1019 2824 tr-

120 2854 258 2925 telemque
270 2853 342 2910 diem
358 2854 426 2910 nihil
442 2853 502 2908 iere
513 2853 650 2923 retulerit,
665 2855 716 2910 sed
730 2869 765 2908 ne
780 2870 832 2925 per
846 2851 945 2909 astutis
956 2850 1018 2922 qui-

120 2937 184 2992 dem
213 2938 316 3008 gredus
337 2937 496 2994 distinxerit
528 2938 588 2994 eius
608 2937 726 2993 hominis
750 2937 828 2992 cuiue
848 2936 932 2993 vitem
946 2949 1018 3006 per·

119 3020 259 3092 sequitur,
271 3036 362 3076 mores
375 3022 582 3092 corroboratos,
595 3013 761 3090 immututos,
775 3024 939 3091 corruptos;
953 3016 1018 3072 hinc

121 3104 152 3164 ut
166 3109 197 3158 ιιι
216 3103 293 3160 illius
309 3100 412 3160 morum
435 3110 489 3158 tem
506 3105 640 3160 bonorum
659 3120 739 3174 quem
754 3103 886 3159 melorum
907 3100 1018 3170 singule

121 3185 286 3244 documento
302 3187 471 3243 inveniemus
487 3188 580 3257 multe,
595 3188 645 3242 sed
653 3187 777 3242 universi
791 3185 897 3257 ingenii
912 3183 1018 3238 morin
1060 3231 1063 3236 .

191 3313 220 3375 3)
244 3315 273 3364 Id
288 3331 319 3364 ne
336 3315 472 3382 Vopiscum
490 3317 592 3379 quidem
607 3316 694 3379 latuit,
719 3316 763 3379 qui
785 3317 811 3364 in
829 3314 909 3365 Probo
927 3327 981 3377 cep.
1001 3311 1019 3360 2

122 3398 173 3432 non
187 3391 214 3432 ιιι
228 3383 378 3443 Sallustios,
399 3383 491 3446 inquit,
510 3387 597 3436 bivios
617 3385 717 3435 Ίιιιίιιι
732 3383 829 3448 Proper
896 3383 1018 3436 tutarer,

124 3451 171 3500 red
186 3451 295 3501 Marium
310 3451 465 3516 Marium,
482 3453 623 3505 Suetonium
638 3453 805 3517 tranquillum
820 3459 867 3500 etc.
