2475 3775
342 11 388 66 ,fs

212 207 239 231 ‘·
338 219 347 246 ι
431 207 481 256 nn
496 203 749 259 eumarum.
774 199 782 218 '¹
1027 183 1088 261 'aar
1137 231 1139 237 ι

17 430 18 433 ¹
90 379 142 424 sus
154 361 202 424 ‹liu
214 363 245 422 in
258 363 370 443 patria,
392 361 631 442 quiuquagesimo
652 363 763 424 dernurn
782 373 858 424 anno
878 363 998 427 Romam
1022 381 1090 438 ooa-

89 447 155 508 sule
176 446 320 509 cherane
337 448 450 507 mansit
472 445 629 526 loouitqne
651 449 760 508 maiore
780 448 855 508 lama
875 463 961 526 mam
982 449 1089 508 emolu

35 555 47 570 ›
87 541 196 591 nrento.
224 529 356 610 linusque
377 531 433 590 iam
451 545 822 612 perseuexpoaperemse
836 529 1019 592 athabitana
1032 531 1089 592 aab
1155 554 1170 609 χ

88 614 202 694 tepolis
220 613 344 694 quodm
359 615 472 693 soripto
485 611 600 674 latetur.
636 615 751 677 bibrum
773 618 873 692 etiam,
897 616 942 676 oui
966 623 1011 676 est
1025 617 1088 676 tinn-

61 697 135 760 tlus
148 699 339 776 Perialogos,
353 694 444 760 elidit
459 699 652 761 coutinentem
669 701 805 779 querelas
820 700 857 760 de
876 699 1000 777 iniuriis,
1017 711 1089 778 pnes

87 783 280 861 proiessores
305 783 495 861 neglegentia
518 793 567 844 aut
599 782 753 845 ambitione
789 792 939 864 parentum
971 785 1088 862 aaoipe-

84 875 162 927 rent.
197 865 263 926 ssa
276 875 372 927 autem
387 875 508 928 naturae
529 867 674 947 acerbae,
698 885 755 928 non
777 867 863 929 modo
888 870 917 926 in
932 866 1088 949 antisophi·
1214 884 1219 894 ‘

86 957 164 1028 stas,
186 967 262 1032 qnos
282 951 361 1012 omni
375 952 404 1010 ln
420 951 578 1012 oaoasione
603 952 758 1031 laceravit,
780 951 934 1014 sedetiam
952 954 984 1012 in·
1002 952 1086 1032 disei-

85 1036 192 1114 pnlos,
212 1043 243 1095 ut
254 1042 285 1094 et
296 1034 432 1096 lloratins
445 1036 588 1112 signihuat
600 1037 765 1114 plapooam
781 1055 846 1098 eum
863 1035 1034 1116 appellans,
1060 1041 1088 1096 et
1109 1082 1113 1090 ,

46 1137 77 1179 ιο
85 1116 228 1180 Domitius
242 1117 355 1180 llarsus
369 1117 519 1179 seribenst
1044 1131 1046 1136 ·

261 1206 377 1282 Siquos
393 1204 511 1263 &blato
522 1206 619 1279 semla
635 1210 795 1281 scuticapae
809 1209 912 1266 assiliit.

84 1284 133 1345 Aa
152 1303 190 1346 ne
204 1288 368 1366 principum
383 1285 497 1366 quidem
515 1287 645 1346 virorum
664 1290 856 1348 insectatione
877 1287 1026 1358 abstinnil;
1050 1289 1086 1348 sl-

86 1369 202 1447 qnitlem
217 1372 335 1456 ignotus
358 1369 452 1432 adhue
468 1387 531 1430 oum
550 1369 656 1431 iodieio
672 1371 815 1453 frequenti
838 1373 1029 1432 testimoninm
1045 1371 1085 1430 dl·

86 1463 184 1532 aeret,
196 1456 393 1534 interrogatus
404 1472 421 1514 a
432 1455 565 1522 Varrone
578 1454 714 1516 diversae
727 1457 817 1534 partis
830 1453 988 1530 advocato,
1006 1453 1085 1533 quid-

44 1556 73 1597 ss
85 1555 152 1597 narn
167 1547 269 1616 ageret
284 1538 314 1599 e't
329 1555 386 1619 qno
401 1539 523 1600 artiioio
545 1548 690 1616 uteretur,
710 1537 894 1618 pibberoaos
907 1555 942 1597 se
962 1536 1000 1598 de
1020 1537 1088 1598 sole

84 1618 120 1680 im
136 1621 278 1683 ambram
295 1621 470 1702 transferre
484 1622 650 1703 respondit;
668 1622 744 1702 qnod
760 1623 878 1684 Murena
896 1621 1000 1700 gibber
1014 1625 1085 1682 erat.

84 1705 169 1766 Vixit
181 1723 277 1788 prope
289 1707 325 1768 ad
340 1708 527 1767 centesimum
538 1709 640 1767 aeleth
655 1725 773 1786 annum,
789 1709 892 1768 aruisse
908 1706 1085 1786 iampridem

83 1792 241 1867 mensoria,
259 1799 290 1850 ut
304 1807 410 1852 nasus
422 1789 552 1850 Bibaonli
568 1790 670 1852 donet:

283 1878 402 1937 Orbilius
415 1880 526 1937 meram
540 1888 594 1948 ast,
614 1881 767 1935 litterarum
782 1879 893 1935 oblivio?

43 1978 73 2019 ao
84 1959 186 2020 Statua
202 1960 265 2020 eins
280 1958 440 2020 beneventi
455 1959 616 2019 ostenditur
629 1961 658 2018 in
673 1957 819 2037 Capitolio
835 1958 870 2019 ad
886 1958 1029 2019 sinistrum
1046 1954 1086 2016 lal-

83 2052 132 2103 tus
151 2061 313 2105 marmorea
333 2043 431 2105 habitu
451 2043 581 2103 sedentis
602 2061 639 2103 ao
658 2044 785 2123 palliati,
811 2042 952 2125 appositis
973 2039 1085 2100 dnobus

84 2127 210 2187 scriniis.
227 2128 355 2207 Reliquit
370 2128 457 2188 lilium
470 2126 623 2207 Orbilium,
639 2135 667 2187 et
680 2128 774 2207 ipsunr
784 2128 1004 2204 grammaticum
1017 2142 1083 2205 pro-

83 2211 240 2271 fessorem.
517 2228 522 2235 ·

148 2294 179 2355 b.
196 2296 298 2357 Ateius
311 2296 483 2375 Philologus
498 2295 648 2358 libertinus
662 2294 784 2359 Athenis
800 2301 845 2353 est
861 2302 953 2353 natus.
995 2289 1084 2353 Hane
1093 2300 1127 2353 10

42 2396 72 2437 ιε
84 2376 189 2457 Capito
205 2379 307 2440 Ateius
322 2390 407 2441 noma
423 2381 656 2443 iurisconsultus
673 2381 752 2441 mter
769 2376 993 2457 prammallaos
1015 2374 1084 2434 rhe-

82 2469 200 2538 torem,
215 2463 296 2524 inter
310 2464 451 2526 rhetores
465 2466 700 2543 grammaticam
721 2461 822 2542 {alsae
838 2464 886 2523 ait.
922 2459 967 2518 De
983 2456 1087 2517 eodem

81 2544 202 2605 Asinius
219 2547 313 2607 Pollio
335 2548 364 2606 in
386 2548 478 2624 libro,
503 2564 562 2625 que
576 2548 707 2617 Sallustii
727 2548 836 2624 scripta
854 2539 1042 2622 reprehendit
1057 2548 1087 2597 ut

81 2629 170 2689 nimia
185 2632 346 2707 priscorum
360 2628 515 2690 verborum
530 2630 714 2689 affectatione
736 2627 843 2703 oblita,
864 2628 903 2685 ita
926 2621 1026 2683 tradit:
1048 2618 1087 2681 Im

81 2729 153 2772 eam
166 2732 231 2772 rem
245 2711 433 2773 adiutorium
448 2713 477 2771 ei
489 2710 712 2789 feoltmaaa'me
729 2708 853 2789 qnidam
871 2706 979 2769 Ateius
990 2704 1085 2767 Prae-

42 2802 219 2858 setestatus
229 2793 345 2857 mobilia
353 2794 578 2875 grammaticae
590 2792 730 2870 Lamnas,
750 2791 986 2853 declamantium
999 2790 1083 2852 aaa·

81 2880 123 2940 de
138 2878 264 2941 auditor
281 2886 374 2959 atque
383 2885 591 2960 praeceptor,
612 2878 658 2938 ad
670 2892 819 2939 sommam
841 2875 1019 2955 Philologus
1043 2874 1084 2937 ab

80 2969 179 3029 semet
195 2963 381 3025 nominatae
418 2962 488 3044 lpse
504 2961 539 3023 ad
554 2962 681 3023 Laelium
696 2962 829 3022 llermanr
852 2960 983 3040 scripsit,
1005 2976 1039 3021 ae
1052 2961 1085 3020 in

81 3047 216 3108 Graecia
236 3046 347 3108 litteris
365 3063 510 3127 mnam
528 3058 710 3125 processum
733 3043 849 3105 habere
871 3052 901 3107 et
915 3046 947 3105 s'm
964 3040 1086 3104 halimo

80 3130 275 3207 mosollam,
295 3129 608 3191 audisse-Antoniam
624 3129 814 3209 Gmipbooem
835 3127 983 3208 maenae*
1003 3124 1082 3187 ller-

43 3236 72 3277 as
81 3232 180 3291 mam,
194 3209 308 3294 poalaa
319 3212 472 3275 docuisse,
503 3212 706 3293 praeceptae
720 3219 822 3274 uatem
832 3213 936 3274 maltis
947 3216 976 3271 et
987 3208 1085 3269 cloria

81 3298 254 3379 iuvenibus,
265 3299 379 3379 inquis
390 3297 493 3377 Appio
504 3306 665 3377 quoquest
676 3297 808 3362 Pulchro
821 3295 962 3359 Claudiis
971 3292 1082 3370 fratri-

82 3381 160 3458 bas,
183 3400 312 3462 quoram
333 3382 424 3443 etiam
445 3400 546 3443 conseo
559 3382 592 3442 im
610 3382 777 3460 provincia
795 3378 900 3459 faerit.
938 3374 1084 3452 Philologi

82 3466 312 3548 appellationem
329 3467 522 3546 assumpsisse
532 3465 661 3545 videtur,
679 3467 745 3548 quia
760 3466 803 3525 sio
818 3474 848 3524 ut
861 3459 1083 3537 Eratosthenes,
