2475 3775
492 179 525 250 c.
544 177 727 231 camenus.
789 183 791 194 ’
1039 168 1098 232 127

116 333 230 415 Sparsit
247 341 278 394 et
298 331 415 452 missdia
428 332 568 431 ιιιιιιιιι
581 351 691 410 rerum,
718 340 748 394 et
762 335 877 412 panaria
895 351 957 395 cum
974 334 1098 458 cisonio

115 501 283 579 ιιιιιιιιιιιιιι
308 500 438 559 vescenti
462 509 559 578 partes
588 517 659 560 suas
673 501 763 577 misit,
789 500 841 561 sed
859 509 889 560 et
914 502 1040 562 senmori
1059 500 1100 560 ols

5 634 6 637 ι
115 584 234 655 mudena
250 598 363 644 causam
377 581 550 662 codicillos,
569 583 670 682 quidus
690 590 852 663 praetorem
869 602 932 644 enm
953 593 1033 652 entra
1053 602 1098 644 or-

92 657 209 734 ididem
224 665 401 744 designabat
435 665 530 726 Edidit
551 675 584 726 et
601 669 748 728 circenses
770 667 909 747 plurimos
930 685 1044 731 amane
1058 667 1099 727 ad

115 768 281 832 uesperam,
312 751 462 810 interiecta
486 749 573 810 modo
601 748 819 823 Africanarum
828 751 988 813 venatione
1012 749 1098 810 modu

115 835 222 899 Troiae
234 833 416 910 decursione,
437 842 467 893 et
483 833 621 913 quosdam
634 836 817 914 praecipuos,
835 835 921 894 minio
936 838 968 894 'et
981 833 1097 932 chryso·

110 919 193 979 colla
206 926 352 985 consueto
369 919 460 995 circo,
481 935 536 977 uec
551 916 658 977 ullis
630 919 684 978 nusi
699 935 737 977 ex
752 919 898 984 senatorio
910 916 1010 980 ordine
1025 917 1097 978 auri·

114 1000 256 1102 gentibus.
292 998 440 1066 Commisit
460 1009 489 1060 et
509 998 635 1078 subitos,
655 1017 718 1061 cum
734 1018 751 1061 e
766 1001 914 1064 Gelotiana
934 1010 1098 1080 apparatum

79 1103 106 1146 so
114 1086 187 1157 circi
201 1084 424 1163 prospicientem
435 1085 520 1162 pauci
531 1101 569 1144 ex
579 1085 718 1163 proximis
729 1084 884 1146 llaeniams
895 1077 1097 1164 postulassent.

176 1166 288 1227 Novum
306 1176 457 1246 practerea
478 1176 562 1246 atquc
586 1167 738 1229 inauditum
757 1185 849 1246 genus
870 1166 1029 1246 spectaculi
1048 1181 1141 1236 eiu-19

112 1251 262 1328 cogitavit.
304 1248 375 1310 Nam
390 1250 520 1310 Baiarum
535 1251 658 1311 medium
680 1251 858 1312 interuallum
874 1251 912 1312 ad
928 1251 1098 1312 Puteolanas

112 1331 219 1412 moles,
239 1334 322 1392 trium
341 1333 447 1407 milium
467 1342 496 1394 et
515 1343 712 1396 sescentorum
732 1329 945 1414 lere'passuum
969 1335 1098 1414 spatium,

113 1427 203 1498 ponte
231 1417 394 1493 coniunxit,
429 1418 583 1486 contractis
607 1418 735 1497 undique
756 1419 895 1478 onerariis
926 1418 1044 1478 navibus
1070 1425 1100 1477 et

77 1526 103 1567 ss
112 1500 213 1562 ordina
230 1500 337 1579 duplici
351 1499 387 1560 ed
400 1499 542 1562 ancluoras
557 1502 730 1579 conlocatis,
752 1503 974 1581 superiectoque
989 1517 1100 1578 aggere

111 1595 230 1645 terreno
249 1600 285 1644 ac
300 1577 439 1644 directo
430 1603 459 1643 nr
466 1583 589 1664 Appiae
609 1587 673 1647 viae
692 1585 842 1645 formam.
859 1585 915 1645 Per
935 1584 1010 1644 huuc
1028 1601 1099 1664 pou·

111 1678 170 1729 tem
183 1667 259 1728 ultro
281 1669 354 1728 citro
374 1667 642 1737 commeauitlriduo
660 1669 829 1745 continenti,
848 1670 939 1748 primo
961 1667 1007 1728 die
1028 1666 1098 1728 lale·

110 1761 176 1812 rato
206 1767 282 1829 equo
303 1751 481 1830 insignisque
505 1769 631 1830 quercea
651 1768 768 1812 corona
765 1761 808 1812 et
834 1761 931 1812 caetra
952 1761 981 1811 et
1002 1749 1099 1828 gladio

113 1851 257 1913 aureaque
272 1832 410 1911 clamide,
433 1834 572 1914 postridie
586 1834 780 1914 quadrigario
777 1833 885 1896 habitu
901 1833 1100 1911 curriculoque
1214 1902 1223 1920 ο

75 1918 202 1995 nobiiugi
225 1917 401 1978 famosorum
417 1935 568 1998 equorum,
589 1937 660 1998 prae
680 1938 714 1979 se
734 1918 832 1981 ferens
845 1917 969 1979 Dareum
983 1934 1100 2015 puerum

112 2020 151 2063 ex
171 2000 339 2061 Partlrorum
356 2000 519 2079 obsidibus,
546 2003 698 2063 comitante
724 2004 970 2081 praetorianorum
987 2002 1100 2078 agmine

112 2084 180 2145 etin
198 2083 310 2144 essedis
322 2085 442 2145 cohorte
456 2087 619 2147 amicorum
653 2086 722 2147 Scio
738 2086 895 2167 plerosque
910 2086 1100 2159 existimasse,

112 2168 232 2229 taleme
250 2167 321 2229 Gaio
341 2178 459 2247 pontem
480 2172 673 2247 excogitatum
694 2162 883 2231 aemulatione
899 2169 1023 2245 Xerxis,
1053 2168 1100 2245 qui
1167 2194 1172 2199 ·

111 2269 171 2312 non
195 2252 257 2311 siue
284 2251 470 2313 admiratione
496 2254 658 2332 eliquanto
654 2254 859 2331 augustiorem
884 2251 1100 2332 Hellespontum

74 2334 355 2404 accoutabulaterit3
383 2334 472 2413 alios,
491 2346 521 2397 ut
541 2337 718 2399 Germaniam
741 2346 770 2397 et
792 2336 976 2413 Britanniam,
998 2334 1100 2415 quibus

112 2416 291 2494 imminebat,
322 2420 479 2480 alicuius
469 2422 587 2481 inmensi
614 2422 713 2500 operis
740 2421 814 2481 lama
839 2421 993 2481 territaret.
1042 2416 1102 2479 Sed

111 2518 197 2561 auum
210 2517 307 2561 meum
329 2492 490 2563 darrantem
510 2522 583 2581 puer
604 2504 768 2579 audiebam,
801 2519 915 2563 causam
942 2502 1065 2581 operis
1064 2500 1100 2559 ab

110 2582 297 2643 interioribus
323 2585 423 2644 aulicis
444 2586 584 2664 proditam
598 2586 676 2665 quod
698 2585 860 2661 Τιιιιιιιιιι
888 2585 1101 2647 mathematicus

111 2666 199 2727 auxio
215 2665 251 2726 de
272 2678 446 2727 successore
467 2665 583 2727 'liberio
600 2671 661 2727 et
652 2688 680 2729 ιι
699 2685 798 2728 verum
818 2676 953 2745 nepotem
973 2667 1101 2745 proniori

72 2749 299 2825 confirmasset,
336 2767 399 2810 ooo
422 2749 522 2829 mupis
550 2749 660 2811 Gaiam
677 2751 909 2831 ,inperatorem
933 2765 1027 2831 qaum
1043 2766 1128 2829 per,

109 2831 474 2913 amoenorumque
486 2834 706 2897 discursarent.
775 2851 779 2867 ¹

173 2915 272 2977 Edidit
285 2925 315 2976 et
326 2934 452 2996 peregre
468 2917 649 2997 spectacula,
671 2918 700 2976 ιι
715 2917 811 2977 Sicilia
827 2916 977 2991 Syracusis
992 2916 1143 2981 asticosttt

109 2998 211 3077 ludos,
239 3001 299 3059 et
290 3018 319 3059 ru
344 2998 436 3061 Gallia
460 3000 608 3078 Luguduni
627 2998 789 3070 miscellan
816 3000 868 3060 sed
889 3000 935 3061 lric
956 3008 1101 3060 certamen

110 3098 227 3171 quoque
242 3082 372 3146 Graecae
385 3082 560 3165 Latinaeque
573 3082 741 3162 facundiae,
763 3092 820 3163 quo
839 3085 994 3145 conamine
1008 3083 1101 3143 lerunt

74 3160 272 3225 ttrictor'iltus
301 3170 427 3248 praemia
449 3170 543 3235 rietes
569 3168 740 3244 contulisse,
768 3167 922 3227 eorundem
945 3175 974 3227 et
1001 3154 1101 3227 laudes

111 3264 291 3327 componere
307 3260 443 3322 coaetos;
466 3270 519 3313 eos
542 3260 652 3330 autern,
716 3250 855 3312 inanime
877 3250 1100 3338 displicuissent,

110 3334 223 3411 scripta
251 3348 302 3391 sua
333 3348 466 3410 spongea
493 3335 627 3431 linguave
650 3334 686 3395 de
699 3352 750 3395 cre
775 3335 885 3411 iussos,
919 3334 973 3393 nisi
1000 3330 1101 3392 ferulis

110 3413 261 3491 obiurgari
274 3422 323 3475 aut
335 3412 448 3477 llumine
463 3417 597 3496 proximo
607 3436 700 3497 merga
693 3418 889 3479 'maluissent
