2475 3775
106 151 166 212 164
208 161 238 210 o.
253 159 403 210 sunnoru
418 150 546 217 memo.
560 154 611 205 nn
624 156 706 205 vrrs
723 155 905 206 cusentum
920 157 988 206 nnn.
1002 157 1036 204 v.

61 324 96 378 32
168 314 307 377 Convivia
321 303 441 389 agitavit
458 319 489 371 et
503 311 598 391 ampla
611 319 642 370 et
656 311 785 389 assidua,
804 329 840 372 ac
853 312 918 372 iere
936 313 1100 390 potentiosi
1172 345 1175 353 ·

104 403 157 460 mis
178 398 253 459 locis
272 405 302 457 ut
321 396 490 476 plerumque
510 396 625 455 sesceni
641 395 723 455 simul
738 395 961 456 discumberent.
993 394 1100 456 Gonni-

104 494 186 546 vatus
200 489 247 542 est
260 490 291 542 et
311 498 399 559 super
420 480 596 540 emissarium
616 478 717 538 Fucini
736 479 831 557 lacus,
854 497 889 540 ac
910 497 1004 559 paene
1025 498 1101 539 sum·

103 585 232 644 mersus,
259 583 324 624 cmn
346 566 451 625 emissa
477 565 586 643 impetn
607 579 682 642 aqua
704 562 903 624 redundasset.
936 562 1103 624 Adhibebat

105 653 181 712 omni
198 667 308 711 caenae
324 657 355 708 et
369 648 482 708 liberos
495 664 565 707 snos
581 665 645 706 cum
656 648 754 727 pueris
770 647 934 726 puellisque
945 646 1129 724 nobilibus,o

105 737 153 815 qui
176 751 259 794 more
284 733 378 792 reteri
398 731 434 791 ad
454 731 547 792 fulcra
574 731 718 792 lectorum
741 731 877 792 sedentes
899 741 1100 820 ¹vescerentur.

32 828 34 833 '
106 817 270 894 cosdrae,
292 818 340 895 qni
359 815 454 895 pridie
469 815 609 894 scqpbum
626 831 742 876 aureum
757 814 937 894 subripuisse
955 817 1099 876 existima·

104 903 204 980 batur,
218 907 359 961 revocato
377 899 496 958 indiem
509 908 659 978 posterum
680 899 800 960 calicem
822 899 939 959 fictilem
954 899 1100 978 apposuit.

104 987 216 1048 Dicitur
238 984 322 1044 edam
341 981 493 1043 meditatus
516 981 657 1062 edictum,
688 999 745 1063 qno
767 984 881 1044 renium
899 982 981 1043 daret
1004 983 1102 1044 ilatum

54 1076 57 1083 “
106 1069 306 1147 crepitumque
320 1067 430 1126 ventris
449 1067 479 1125 in
496 1068 630 1141 cpnrimo
643 1067 810 1144 emittendi,
830 1085 893 1127 cum
908 1067 1101 1148 periclitatum
1111 1089 1139 1131 1o

106 1150 247 1231 quendam
261 1164 332 1228 prae
347 1149 459 1229 pudore
478 1166 517 1210 ex
532 1153 707 1212 continentia
723 1152 914 1230 repperisset·
929 1177 945 1194 -·

62 1245 98 1299 33
170 1232 365 1312 ditionique
381 1222 561 1315 qudcumque
576 1244 606 1295 et
619 1243 753 1316 tempore
768 1243 798 1295 et
816 1236 883 1296 loco
897 1234 1101 1314 appetentissi-

103 1336 183 1396 mus,
206 1334 392 1395 cognoscens
407 1319 592 1397 quondamin
606 1319 732 1396 Augusti
747 1319 829 1397 loro,
851 1321 983 1397 ictusque
998 1318 1101 1394 nidore

103 1401 231 1482 prandii,
260 1401 338 1479 quod
362 1403 393 1464 in
407 1405 547 1481 'proxima
566 1403 666 1464 Martis
691 1402 765 1464 aede
787 1403 873 1464 Saliis
898 1401 1101 1482 apparabatur,

104 1486 221 1546 deserto
242 1485 377 1546 tribunali
400 1487 533 1547 ascendit
546 1487 599 1551 ,ad
621 1485 791 1548 sacerdotes
820 1504 933 1567 unaque
956 1484 1136 1546 decubuitro

104 1569 170 1630 Nec
181 1577 292 1628 temere
306 1587 439 1648 umquam
454 1570 580 1633 triclinio
598 1571 743 1632 abscessit
758 1572 813 1632 nisi
833 1571 974 1632 distentus
991 1589 1028 1631 ac
1042 1587 1101 1629 ma-

105 1651 194 1728 dens,
210 1661 240 1712 et
255 1661 286 1710 nt
300 1654 393 1713 statim
413 1656 517 1733 supino
538 1672 574 1715 ac
597 1673 652 1734 per
668 1671 797 1716 somnum
818 1655 906 1716 hianti
922 1657 1007 1734 pinna
1022 1655 1051 1714 in
1066 1670 1100 1714 os

105 1735 256 1796 inderetur
267 1734 302 1795 ad
314 1738 530 1799 exonerandum
543 1738 730 1800 stomachum.
747 1741 845 1801 Somni
860 1739 1023 1800 brevissimi
1038 1744 1102 1797 erat

106 1822 187 1901 (nam
207 1828 273 1880 ante
293 1819 413 1881 mediam
432 1832 548 1883 noctem
570 1824 740 1905 plerumque
761 1822 935 1902 evigilabat)
956 1830 987 1882 ut
1004 1831 1101 1882 tamen

105 1905 229 1966 interdiu
244 1920 454 1983 nonnumquam
466 1908 573 1969 tntum
588 1908 972 1987 dicendo‘obdormisoeret,
992 1909 1138 1985 virqneao

105 1988 142 2048 ab
156 1989 305 2048 advocatis
319 1987 357 2047 de
373 1988 511 2051 industria
527 2010 633 2054 vocem
652 1992 824 2071 augentibus
840 1994 1024 2053 excitaretur.
1055 1989 1100 2049 tr-

103 2069 208 2130 bidinis
226 2073 266 2130 'in
290 2072 411 2132 feminas
442 2074 674 2155 profusissimus,
706 2096 814 2138 marum
840 2076 954 2137 omnino
982 2091 1100 2153 expers.

103 2152 208 2214 Aleum
226 2152 436 2213 studiosissime
450 2155 534 2225 lusit3
550 2158 587 2218 de
605 2163 686 2220 cuius
703 2170 765 2221 arte
782 2160 884 2221 librum
901 2176 1017 2239 quoque
1031 2158 1100 2218 emi·

104 2238 154 2306 sit;
177 2234 280 2295 solitos
301 2238 387 2296 etiam
406 2238 435 2295 in
452 2240 615 2315 gestatione
634 2242 751 2323 ludere,
769 2246 810 2306 ita
830 2243 935 2305 essedo
955 2244 1101 2321 alveoque

104 2318 245 2400 adaptatis
259 2337 298 2380 ne
311 2319 392 2380 lusus
409 2322 645 2382 confunderetur.
1109 2348 1137 2389 ae

61 2411 97 2467 34
164 2404 290 2466 mavum
305 2412 335 2464 et
354 2405 568 2481 sanguinarium
586 2414 687 2469 natura
705 2409 812 2489 fuisse,
833 2411 944 2489 magnis
965 2409 1099 2481 minimis·

104 2493 161 2565 qne
176 2488 310 2567 apparuit
325 2487 424 2548 rebus.
453 2489 608 2551 Tormenta
634 2494 831 2569 quaestionum
846 2511 1017 2579 poenasque
1032 2510 1099 2572 par·

61 2592 64 2597 ·
102 2567 257 2633 ribidarnnr
272 2572 512 2652 repraesentabat
527 2572 723 2655 exigebatque
738 2592 844 2638 coram.
875 2578 945 2639 Cum
963 2585 1099 2656 spectare

102 2658 211 2734 antiqui
228 2658 317 2718 moris
337 2656 510 2737 supplicium
525 2656 624 2717 Tiburi
646 2662 847 2740 concupisset,
869 2672 899 2722 et
913 2661 1048 2738 deligatis
1062 2657 1100 2719 ad

102 2739 199 2815 palum
222 2743 318 2801 noxiis
341 2743 471 2804 carnifex
493 2742 625 2820 deesset,
653 2746 776 2805 accitum
799 2743 834 2805 ab
856 2744 927 2805 urbe
944 2756 1138 2825 vesperarum

102 2837 195 2896 usque
210 2827 340 2902 opperiri
356 2827 568 2903 perseveravit.
583 2827 773 2908 Quocumque
784 2826 956 2906 gladiatorio
968 2844 1100 2904 munere,

24 2936 27 2939 ·
102 2902 151 2961 uel
168 2920 220 2962 suo
237 2906 285 2965 vel
307 2908 418 2988 alieno,
441 2913 527 2973 etiam
548 2910 625 2971 forte
647 2912 805 2992 prolapsos
827 2914 950 2992 iugulari
970 2912 1100 2988 iubebat,

102 2988 224 3058 maxime
244 2990 392 3069 retiarios,
419 3004 450 3054 nt
469 2996 660 3074 expirantium
682 2996 775 3057 facies
796 2997 918 3057 videret.
953 2995 1023 3058 Gom
1045 3013 1103 3075 par

104 3070 245 3148 quoddam
259 3076 363 3134 mutuis
384 3077 489 3138 ictibus
513 3078 707 3157 concidisset,
731 3080 866 3141 cultellos
887 3080 942 3141 sibi
960 3072 1101 3160 parvnlos

103 3172 142 3213 ex
167 3163 289 3233 utroque
309 3157 389 3218 ferro
411 3162 441 3219 in
463 3179 544 3221 usum
564 3163 627 3222 beri
648 3164 710 3223 sine
730 3181 810 3225 mora
832 3166 922 3225 iussit.
958 3163 1140 3225 bestiarius

102 3238 325 3319 meridianisque
341 3241 414 3302 adeo
430 3242 641 3323 delectabatur,
659 3256 689 3306 ut
704 3255 734 3308 et
745 3250 836 3327 prima
851 3248 917 3309 luce
927 3247 968 3308 ad
983 3256 1101 3329 specta·

103 3323 197 3384 culum
211 3322 405 3384 descenderet
424 3334 455 3385 et
473 3329 608 3408 meridie,
630 3330 750 3418 dimisso.
761 3332 797 3393 ad
812 3332 960 3411 prandium
975 3331 1100 3411 populo,

16 3418 19 3422 ·
102 3407 291 3486 persederet,
321 3417 495 3489 praeterque
517 3410 675 3475 destinatos
696 3416 781 3478 etialn
802 3416 861 3477 levi
888 3416 1041 3495 subitaque
1061 3414 1103 3477 de

142 3713 163 3747 k
