2475 3775
555 177 661 231 neno.
886 238 890 245 ¹
937 140 941 150 ’
1050 167 1109 234 18ῖ

113 343 144 395 ut
156 333 276 411 assolet,
291 335 347 394 lanu
364 331 484 410 grandis
500 341 567 392 natu
582 348 637 412 per
651 302 804 394 blanditias
818 333 895 394 lorte
910 336 1044 396 dixisset:
1060 334 1109 396 st-

112 417 175 478 ssut
193 418 276 478 lunc
300 433 470 494 eceepero,
494 417 576 476 omri
593 417 682 478 colo.-
710 433 871 478 conuersus
899 417 934 478 ad
959 421 1109 498 proximos

112 500 274 579 mestun
287 499 506 580 repositarium
521 499 604 561 velut
616 499 741 561 irrideus
758 502 810 577 ait,
826 504 1034 580 praecepitque
1050 521 1108 562 me·

111 584 184 645 dicis
206 593 236 645 ut
258 585 370 663 largius
391 593 555 663 purgarent
568 601 702 662 aegram,
724 585 846 646 necdum
860 585 1014 646 deiunctae
1032 586 1109 646 bona

87 670 230 746 tinvasit,
246 685 408 749 suppresso
421 677 609 746 testamento,
628 687 664 728 ne
681 669 748 746 quid
762 667 946 731 abscederet.

172 755 292 815 llxores
306 760 425 832 praeter
441 751 590 812 Octauiam
605 753 676 813 duas
692 762 795 832 postea
819 755 915 814 duxlt:
939 753 1150 834 Poppaeam-35

109 836 261 914 Sabinam,
288 837 454 917 quaestorio
470 845 662 916 pascuatam
678 846 707 901 et
724 839 815 916 equiti
826 839 863 899 R.
877 847 962 899 antea
975 847 1106 930 nuptam,

110 920 216 981 delude
230 920 369 982 Statiliam
382 919 581 998 Messalinam,
597 920 684 985 Tauri
698 919 743 982 bis
760 922 889 982 consulis
902 939 938 982 ao
952 921 1107 1002 triumpha·
1124 925 1127 938 '

109 1004 146 1065 lis
160 1003 325 1084 abneptem.
356 1004 419 1079 Qua
442 1013 472 1064 nt
489 1006 661 1083 poteretur,
674 1005 775 1066 ‘virum
791 1008 854 1066 eius
869 1005 995 1066 Atticum
1011 1007 1107 1067 Vesti-

74 1098 101 1141 1⁰
109 1105 174 1148 unm
197 1089 347 1149 consulem
368 1089 397 1147 iu
419 1088 531 1150 bonore
549 1091 616 1168 ipso
632 1089 794 1150 trucidavit.
828 1088 968 1151 Octaviae
985 1108 1107 1152 consue·

109 1172 235 1232 tudinem
251 1173 310 1234 cito
326 1181 516 1251 aspernatus,
541 1173 766 1251 corripientibus
785 1176 885 1235 amicis
901 1174 1048 1253 sufficere
1061 1175 1110 1235 illi

109 1254 221 1317 dedam
238 1255 392 1336 respondit
410 1257 529 1317 maome
549 1264 740 1318 omnomcatu.
774 1257 903 1319 Eandem
924 1275 993 1322 mox
1016 1271 1107 1337 saepe

28 1342 35 1357 ⁸
108 1340 216 1401 frustm
231 1341 415 1418 strangulare
431 1340 595 1418 meditatus,
612 1341 718 1404 dimisit
731 1350 762 1400 ut
779 1343 917 1419 sterilem,
934 1342 987 1402 sed
1001 1345 1107 1421 impro-

86 1423 195 1486 ·baute
213 1424 367 1485 divortium
391 1425 503 1503 populo
522 1440 578 1485 uec
599 1435 739 1504 parcente
761 1426 908 1504 convitiis,
932 1427 1017 1486 etiam
1031 1425 1107 1486 rele-

74 1509 208 1585 aegauit,
228 1508 354 1588 denique
376 1508 485 1569 occidit
505 1508 558 1568 sub
575 1510 695 1570 crimine
711 1507 917 1570 adulteriorum
933 1509 1006 1570 adeo
1027 1510 1107 1588 inpu-

109 1591 186 1651 denti
200 1591 353 1671 lalsoqne,
375 1601 405 1652 ut
426 1593 457 1652 iu
478 1595 650 1672 quaestione
666 1594 894 1673 pernegantibus
913 1595 1024 1655 cunctis
1039 1592 1107 1653 Ani·-

108 1684 203 1736 cetum
219 1677 424 1755 paedagogum
443 1695 524 1739 suum
546 1677 670 1738 iudicem
688 1678 862 1757 subiecerit,
890 1681 937 1758 qui
953 1677 1107 1756 lingeret*

107 1759 176 1820 dolo
200 1768 357 1838 stupratam
381 1778 397 1819 a
423 1779 456 1819 se
476 1760 625 1821 fateretur.
658 1761 841 1841 Poppaeam,
868 1761 1039 1823 duodecimo
1058 1761 1107 1820 die
1175 1807 1180 1819 .

107 1851 176 1923 post
198 1842 352 1904 diuortium
377 1842 518 1914 Octauiae
541 1846 570 1905 in
590 1847 798 1907 matrimonium
821 1855 986 1925 acceptam,
1008 1843 1108 1905 dilexit
1133 1868 1141 1877 ν

71 1938 97 1989 to
109 1929 210 1997 uuice;
228 1936 366 1988 ettamen
382 1928 477 2007 ipsam
500 1946 619 2008 quoque
640 1931 698 1989 ictu
722 1931 813 1991 calcis
830 1930 952 2006 occidit,
979 1928 1057 2008 quod
1075 1946 1107 1993 se

88 2044 92 2049 ‚
106 2030 145 2073 ex
162 2012 342 2090 aurigatione
361 2029 429 2073 sero
445 2031 596 2074 reversum
611 2013 733 2090 gravida
752 2023 781 2074 et
804 2030 894 2091 aegra
910 2014 1051 2073 conviciis
1066 2014 1106 2072 iu-

106 2105 248 2156 cesserat.
279 2091 326 2156 Ex
340 2094 396 2157 lrac
411 2097 583 2158 dliaur‘tulit
597 2096 744 2159 Claudiam
758 2097 935 2176 Augustam,
956 2098 1107 2175 amisitque

104 2179 257 2239 admodum
272 2180 420 2242 infantem.
1022 2204 1026 2208 ·

169 2262 284 2323 Nullum
299 2264 374 2325 adeo
390 2265 612 2326 necessitudinis
628 2284 722 2344 genus
741 2276 802 2343 est,
825 2266 903 2344 quod
917 2281 975 2327 nou
991 2264 1105 2325 scelere

69 2347 275 2427 uperculerit.
308 2349 462 2410 Antoniam
488 2349 590 2432 Claudi
612 2351 718 2427 liliam,
741 2359 924 2411 recusantem
944 2358 1011 2429 post
1030 2348 1105 2425 Pop·

104 2441 334 2511 paeaemortem
356 2434 470 2512 nuptias
494 2452 577 2511 suas,
600 2437 682 2513 quasi
704 2433 877 2495 molitricem
899 2450 1040 2493 novarum
1060 2448 1105 2489 re·

102 2529 168 2574 rum
182 2516 335 2595 interemit.
376 2517 544 2577 Similiter*
561 2520 637 2577 inter
658 2528 776 2579 ceteros
793 2527 841 2578 aut
854 2517 993 2577 allinitute
1010 2513 1105 2589 aliqua

104 2598 163 2658 sibi
181 2607 230 2659 ant
246 2601 463 2679 propinquitate
478 2602 667 2669 coniunctos;
684 2602 712 2660 iu
728 2600 831 2679 quibus
844 2599 949 2659 Aulum
965 2596 1106 2656 Plautium
1132 2657 1134 2662 ,

102 2685 255 2758 iuvenem,
283 2699 368 2761 quern
394 2698 458 2741 cum
483 2692 550 2741 ante
569 2694 692 2760 mortem
713 2702 767 2761 per
791 2685 848 2741 vim
870 2688 1105 2759 conspurcaaset,

67 2764 171 2827 soEut
188 2784 270 2827 nunc
289 2766 381 2843 inquit
401 2771 502 2825 mater
521 2783 591 2826 mea
610 2773 641 2827 et
654 2782 864 2827 successorem
877 2779 975 2825 mcum
989 2764 1105 2825 orestis·

102 2850 172 2909 tur!
186 2850 299 2909 iactans
311 2848 447 2908 dilectum
456 2849 493 2933 ab
506 2867 540 2909 ea
553 2859 583 2909 et
594 2850 630 2910 ad
642 2868 723 2930 spem
734 2850 847 2929 imperii
857 2848 1018 2929 impulsum.
1046 2848 1104 2909 Pri·
1119 2869 1124 2881 ’

102 2934 223 3010 vlquum
232 2932 345 2992 Rullum
357 2931 521 3013 Crispinum
533 2932 674 3014 Poppaea
687 2941 792 3011 natum,
809 2930 986 3012 impuberem
1000 2930 1104 3009 adbuc,

102 3018 171 3095 quia
188 3013 340 3076 lerebutur
355 3016 476 3078 ducatus
492 3027 522 3078 et
535 3019 658 3097 imperia
679 3017 799 3096 ludere,
821 3017 1007 3096 mergendum
1022 3018 1104 3091 mari,

101 3098 170 3159 dum
186 3102 366 3179 piscaretur,
392 3102 487 3162 servis
508 3103 599 3181 ipsius
622 3102 813 3163 demandavit.
844 3100 967 3163 Tuscum
985 3102 1104 3162 nutricis

68 3170 192 3245 aslilifin
213 3184 373 3262 relegarit,
404 3185 481 3265 quod
504 3187 534 3246 in
554 3189 759 3267 procuratione
784 3187 914 3266 Aegypti
934 3186 1057 3248 balineis
1075 3185 1104 3241 iu

101 3266 257 3328 adventum
277 3286 357 3329 suum
381 3272 522 3330 extmetls
547 3271 678 3331 lavisset.
715 3272 857 3333 Senecam
881 3278 1103 3351 praeceptorem

100 3351 140 3413 ad
154 3370 258 3412 necem
273 3354 429 3433 compulit,
453 3356 585 3433 quaums
608 3373 699 3434 saepe
721 3363 909 3417 commeatum
928 3350 1038 3432 petenti
1053 3348 1103 3407 bo·

98 3436 208 3514 nisque
222 3437 338 3498 cedenti
353 3447 508 3518 persancte
523 3439 664 3519 iurasset,
689 3449 855 3521 suspectum
871 3456 903 3498 se
917 3437 1022 3496 frustra
1037 3448 1104 3511 per·
