2475 3775
457 122 745 202 victamne.
871 181 877 198 .
1038 144 1100 206 223

101 308 251 370 visendam
278 308 434 391 praeberet
458 309 565 370 faciem
593 325 669 368 neve
697 310 899 378 summitterem
931 309 1100 388 quibusdam

102 403 234 458 stercore
250 402 280 454 et
294 411 386 454 caeno
401 391 627 469 incessantibus,
644 391 714 452 aliis
727 392 935 454 incendiarium
950 401 979 452 et
991 398 1098 472 patmu-

99 481 173 540 ninm
185 476 423 554 vociferantibus,
442 485 526 556 parte
540 476 623 555 vulgi
642 477 729 536 etiam
746 479 882 557 corporis
902 478 970 537 vitia
992 495 1099 556 expuo-

16 568 17 575 ’
101 565 218 633 brante;
243 562 402 632 eratenim
424 562 453 620 in
474 578 510 620 eo
535 561 665 622 enormis
681 563 862 640 proceritas,
884 561 978 620 iacies
997 561 1099 623 rubida

74 649 274 729 tplcrnmque
288 665 326 707 ex
339 643 505 723 vinulentia,
521 655 623 706 venter
640 644 767 723 obesos,
784 642 907 709 alterum
922 645 1014 705 lemur
1031 646 1098 706 snb-

101 732 199 801 debile
213 730 337 810 impnlsu
353 728 421 790 olim
437 728 611 808 quadrigae,
625 747 689 789 cnm
705 731 849 807 auriganti
863 728 935 790 Gaio
957 731 1098 790 ministra·

100 828 197 878 torem
211 815 371 876 exhiberet.
401 811 528 874 Tandem
548 814 625 892 apud
642 812 799 874 Gemonias
821 814 1015 875 minutissimis
1035 815 1097 874 icti·

100 902 157 962 bus
171 900 392 961 excarnificatus
407 906 493 977 atque
510 897 664 968 coniectus
681 907 740 975 est,
762 907 791 958 et
810 897 876 957 inde
897 916 973 959 unco
988 907 1099 959 tractus
1137 899 1139 906 '
1198 929 1199 936 κ

101 987 131 1047 in
146 984 283 1046 Tiberim.

64 1077 93 1120 1⁰
162 1069 253 1142 Periit
270 1068 333 1128 cim
347 1068 437 1129 iratre
452 1076 484 1128 et
497 1064 558 1128 iilic
573 1083 649 1126 anuo
671 1067 747 1128 vitae
770 1067 895 1145 septimo
918 1067 1097 1145 quinquage-
1107 1085 1142 1139 13

101 1155 189 1224 simo;
204 1171 260 1213 nec
274 1152 380 1213 fefellit
397 1153 565 1212 coniectura
580 1167 681 1210 eornm
693 1151 741 1228 qni
753 1153 886 1228 augurio,
901 1149 979 1229 qnod
991 1149 1098 1210 lactum

101 1241 130 1300 ei
141 1240 273 1299 Viennae
281 1231 472 1316 'ostendimos‚
484 1251 543 1295 non
554 1231 633 1293 aliud
644 1233 778 1312 portendi
787 1234 1000 1313 praedixerant,
1014 1252 1098 1312 qnam

102 1331 252 1384 venturum
270 1323 298 1380 in
313 1320 434 1381 alicuius
447 1317 591 1379 Gallicani
607 1317 732 1378 hominis
748 1326 937 1397 potestatem
957 1318 1098 1396 siquidem

103 1407 139 1468 ab
151 1407 279 1468 Antonio
296 1404 391 1465 l’nimo
406 1404 594 1465 adversarum
616 1404 739 1481 partium
761 1401 835 1461 duce
857 1419 1020 1480 oppressus
1041 1409 1098 1478 est,

64 1495 93 1540 1⁵
103 1491 149 1554 cni
163 1491 290 1552 Tolosae
307 1498 375 1551 nato
392 1503 558 1566 cognomen
576 1487 605 1544 in
621 1487 743 1565 pueritia
758 1484 857 1545 Becco
872 1485 981 1544 iuerat:
1002 1483 1031 1544 id
1048 1503 1097 1544 va-

101 1577 142 1637 let
156 1575 312 1654 gallinacei
328 1582 463 1636 rostrum.
516 1613 520 1616 -
