2475 3775
472 175 755 226 vrnnnnrus.
969 163 1112 240 72¹9

119 327 162 389 dit
176 330 285 399 exitum
300 348 365 391 narn
381 331 580 401 ¹confirmatum
596 329 781 416 perlegales
797 347 866 392 snos
886 333 1036 414 imperium
1056 349 1110 412 per
1169 377 1179 393 ,

120 431 155 473 se
169 415 297 474 retinere
313 431 372 476 non
385 415 488 494 potuit.
645 481 649 496 ,

16 557 21 578 ,
178 494 223 557 lie
238 495 417 558 Betriacensi
433 499 556 560 victoria
571 506 602 558 et
619 497 741 560 Othonis
760 501 859 576 exitu,
881 503 946 560 oum
969 497 1061 560 adhuc
1083 502 1111 560 in
1122 508 1154 560 10

119 577 212 642 (laida
226 590 323 658 esset,
339 582 439 659 audiit,
460 581 590 662 nihilque
606 591 772 660 cunctatus,
795 583 932 663 quidquid
954 585 1111 663 praetorias

96 681 218 730 suarum
235 660 396 727 cohortium
410 666 478 744 init,
492 675 523 726 ut
536 663 656 745 pessimi
672 667 812 746 exempli,
837 684 894 727 uno
914 670 1113 728 exauctoravit

119 749 216 811 edicto
235 750 330 810 iussas
350 746 477 810 tribunis-
492 750 609 812 tradere
630 765 718 811 arma.
764 750 884 811 Centum
911 761 1006 814 autem
1026 759 1112 829 atque

119 831 236 910 uiginti,
258 848 378 912 qnorum
399 830 517 896 libellos
538 833 646 895 Othoni
665 832 748 894 datos
769 836 920 898 invenerat
946 851 1112 914 exposcen-

118 918 187 976 tinnr
201 919 358 996 praemium
372 917 411 978 ol)
424 917 530 979 editam
545 919 574 977 in
592 917 683 978 caede
698 917 809 980 Galbae
824 937 958 999 operam,
981 919 1113 997 conquiri

119 1010 149 1060 ct
158 1000 304 1080 supplicio
316 1001 401 1064 adlici
413 1003 581 1082 imperarit,
598 1004 722 1080 egregie
734 1021 855 1083 prorsus
865 1004 1113 1082 atquemagnillce

82 1107 110 1148 ιι
118 1093 149 1146 et
164 1094 194 1144 ut
208 1089 308 1145 summi
321 1086 464 1166 principis
479 1103 561 1166 spem
576 1086 762 1164 ostenderet,
777 1089 947 1163 nisicstera
961 1089 1055 1165 magis
1075 1103 1114 1146 ex

118 1165 219 1229 nutura
231 1177 262 1229 et
275 1171 376 1248 priore
392 1170 450 1231 vita
464 1187 516 1231 sna
529 1185 612 1249 mum
625 1186 663 1230 ex
674 1171 790 1249 imperii·
797 1171 945 1238 maiestate
956 1173 1111 1250 gessisset.
1214 1219 1217 1225 .

116 1253 247 1332 Namque
257 1254 361 1314 itinere
372 1254 520 1330 inchoato,
533 1251 593 1333 'per
603 1253 713 1314 medias
726 1256 858 1316 civitates
870 1257 926 1316 ritu
936 1255 1111 1335 triurnphan-

117 1339 185 1399 tium
200 1345 303 1397 vectus
319 1347 380 1415 est,
397 1356 509 1417 perque
525 1337 638 1398 flumina
654 1337 865 1399 delicatissimis
882 1341 1006 1416 navigiis
1022 1349 1051 1399 et
1063 1355 1111 1398 va·

117 1424 223 1482 riarum
239 1437 411 1483 coronarum
425 1439 537 1501 genere
554 1421 707 1499 redimitis,
731 1422 805 1492 inter
821 1423 1040 1503 profusissimos
1060 1422 1111 1481 ob-

82 1508 265 1567 rssoniorum
281 1500 449 1586 apparatus,
464 1506 543 1567 nulla
558 1505 686 1567 familiae
700 1515 747 1567 aut
761 1507 858 1569 militis
878 1506 1045 1586 disciplina,
1067 1519 1111 1565 ra·

116 1591 201 1670 pines
216 1607 252 1650 ac
269 1589 457 1668 petulantiam
472 1593 596 1652 omnium
611 1592 639 1649 in
654 1591 751 1650 iocum
763 1600 894 1660 vertens;
911 1593 959 1670 qui
974 1607 1031 1650 non
1044 1605 1111 1649 oon·

116 1675 187 1734 tenti
210 1672 300 1751 epulo
316 1673 428 1753 'ubique
452 1674 569 1753 publice
592 1673 740 1752 praebito,
762 1693 960 1755 quoscumque
980 1673 1113 1734 libuisset

115 1760 144 1818 in
159 1756 324 1818 libertatem
339 1757 528 1833 asserebant,
542 1757 668 1818 verbera
684 1768 713 1819 et
727 1758 847 1837 plagas,
869 1777 960 1838 saepe
980 1758 1111 1834 vulnera,

115 1857 327 1921 nonnumquam
350 1858 453 1903 necem
474 1849 731 1923 repraesentantes
755 1843 984 1905 adversantibus.
1016 1843 1112 1921 thue

78 1942 254 2005 aooampos,
271 1925 419 2006 inquibus
434 1930 670 2007 pugnatumest,
687 1927 760 2005 adit,
776 1927 1113 2013 abhorrentishquosdam

116 2011 291 2072 cadaverum
315 2010 426 2088 tabem,
454 2009 620 2071 detestabili
645 2028 722 2071 uoce
748 2014 920 2073 confirmare
934 2020 1032 2071 ansus
1058 2018 1112 2087 est,

115 2095 229 2175 optime
250 2095 336 2156 olere
356 2095 493 2158 aemesam
513 2096 647 2171 hostem,
669 2103 699 2156 et
716 2096 826 2157 melius
849 2096 954 2157 civem
988 2094 1053 2155 Nec
1075 2110 1112 2153 ec

116 2180 207 2239 setius
229 2178 265 2239 ad
285 2180 643 2258 leniendam-gravitatem
665 2180 764 2241 odoris
785 2179 937 2259 plurimum
956 2181 1029 2241 meri
1045 2192 1111 2257 pro·

115 2263 212 2341 palam
227 2262 323 2324 hausit
336 2266 505 2345 passimque
521 2265 628 2325 divisit.
658 2258 724 2325 l’eri
740 2266 867 2325 vanitate
883 2273 970 2343 atque
986 2263 1111 2324 insolen-

75 2367 104 2409 aa
114 2348 153 2407 tia
174 2345 299 2426 lapidem
320 2352 479 2410 memoriae
498 2348 624 2410 'Othonis
646 2350 814 2429 inscriptum
836 2350 964 2424 intuens,
989 2347 1112 2426 dipsium

114 2449 151 2492 eo
172 2428 336 2494 Mausoleo
357 2436 412 2511 ait,
440 2437 673 2513 pugionemqtre,
700 2436 807 2511 queis
832 2450 865 2491 se
894 2429 1060 2505 occiderat,
1083 2431 1112 2487 in

113 2514 362 2595 Agrippinensem
375 2518 519 2579 coloniam
531 2519 609 2577 misit
619 2517 704 2577 llarti
716 2515 914 2577 dedicandum.
947 2513 1111 2590 lnAppen·

113 2601 172 2658 nini
187 2599 303 2679 quidem
319 2602 396 2677 iugis
414 2604 499 2660 etium
514 2601 699 2677 pervigilium
714 2602 784 2677 egit.
812 2596 922 2658 Urbem
936 2595 1063 2673 denique
1075 2594 1109 2654 ad
1122 2607 1153 2660 11

114 2682 268 2743 classicum
283 2685 395 2742 introiit
411 2683 562 2761 paludatus
579 2683 721 2762 ferroque
734 2682 917 2757 succinctus,
938 2682 1013 2740 inter
1029 2681 1111 2765 signa

74 2774 203 2846 ooatqne
218 2766 498 2911 vexillaqsaqulatis
514 2764 678 2845 comitibus,
696 2783 732 2825 ac
746 2764 870 2825 detectis
888 2764 1112 2827 commilitonum

111 2852 210 2911 armis.
231 2867 371 2921 ’μή-0,.
400 2906 408 2921 ,

175 2934 271 3011 llaqis
287 2934 391 2995 deinde
408 2952 443 2993 ac
459 2936 552 3009 magis
570 2934 647 2993 omni
662 2934 759 2995 divino
775 2934 956 3014 humanoque
967 2936 1028 2993 iure
1040 2952 1110 3033 qeg·
1153 2972 1159 3007 :

111 3020 209 3095 lecto,
232 3017 358 3078 Alliensi
377 3019 425 3079 die
439 3017 640 3097 pontificatum
657 3019 810 3079 maximum
833 3020 926 3097 cepit,
953 2998 1069 3101 dpmssra
1083 2997 1143 3076 ὦῶ
1223 3042 1224 3047 ¹

111 3103 217 3163 decern
236 3100 329 3164 annes
352 3102 496 3165 ordinavit
517 3119 608 3180 seque
633 3112 805 3183 perpetuum
823 3102 982 3163 consulem.
1013 3097 1111 3169 Et‘ne
1222 3162 1224 3173 ,

72 3188 159 3253 moui
182 3185 298 3247 dubium
318 3187 411 3264 foret,
434 3184 512 3264 quod
534 3186 688 3264 exemplar
704 3186 853 3265 regendae
869 3187 914 3247 rei
927 3206 955 3265 p.
975 3185 1109 3261 eligeret,
1159 3260 1163 3269 ι

108 3270 217 3340 medio·
232 3271 335 3332 llartlo
360 3287 463 3350 campo
486 3268 610 3344 adhibita
634 3269 817 3350 publicorum
841 3270 1026 3333 sacerdotum
1053 3269 1110 3327 ire·

150 3358 228 3416 entia
239 3356 359 3416 inierias
373 3352 484 3415 Neroni
500 3353 596 3431 dedit,
611 3372 646 3414 aa
662 3355 795 3417 sollemni
810 3355 944 3432 convivio
970 3350 1110 3411 citharoe-

108 3372 148 3498 da
190 3439 352 3517 placentem
365 3438 459 3520 palam
470 3436 629 3518 admonuit,
644 3449 674 3500 ut
685 3440 804 3523 aliquid
812 3446 843 3500 et
852 3439 890 3499 de
902 3434 1053 3497 dominico
1064 3432 1110 3497 ‹tt-

1153 3644 1204 3659 ᾖ

1115 3703 1222 3737 l—
