2475 3775
320 215 321 222 ,
362 241 366 258 Ι
474 173 578 222 nruus
602 174 725 223 ruimus.
1076 166 1097 225 9

102 335 184 403 rent,
202 335 321 389 coactus
335 335 379 391 est
392 326 577 406 triumphurn,
599 346 636 388 ne
653 327 802 388 consulatu
817 323 1034 407 excluderetur,
1054 333 1094 393 di-

101 413 225 487 mittere.
268 409 428 472 Eduobus
452 372 616 472 consulatus
638 411 901 490 competitoribus,
918 412 1003 475 Lucio
1022 415 1094 477 Luc
1103 429 1136 483 19

103 498 167 555 celo
183 480 341 572 Marcoque
357 494 476 572 Bibulo,
495 495 648 565 Lucceium
662 495 716 556 sibi
734 493 862 556 adiunxit
868 506 998 573 ,pactus
1013 509 1042 558 ut
1057 501 1093 576 is,
1136 518 1160 556 ·,

103 579 237 657 quoniam
259 579 380 639 inferior
387 582 491 678 gratia
507 587 588 640 esset
608 579 788 678 pecuniaque
804 579 944 656 polleret,
966 599 1094 650 nummos

79 663 140 723 ade
155 679 230 738 suo,
254 662 394 747 communi
411 665 539 738 nomine,
564 681 616 742 per
637 664 784 724 centurias
796 665 1000 741 pronuntiaret.
1032 667 1094 742 Qua

101 747 220 824 cognita
246 764 278 806 re
305 747 469 825 optimates,
493 765 567 824 quos
589 756 682 806 metus
705 755 826 824 ceperat
844 747 913 807 nihil
932 765 989 807 non
1010 767 1093 809 ausu-

99 849 163 902 rum
180 847 244 890 eum
264 830 293 892 io
311 847 418 890 summo
433 834 599 907 magistratu
616 830 770 892 concordi
776 839 806 889 et
820 833 1018 892 consentiente
1034 834 1092 894 col·

99 915 183 992 lega,
207 923 344 974 auctores
356 912 458 974 Bibulo
479 913 593 975 luerunt
607 915 778 975 tantundem
786 915 957 993 pollicendi,
980 935 1015 976 ac
1032 917 1093 996 ple-

99 1000 196 1077 rique
201 998 339 1077 pecunias
355 998 551 1074 coutulerunt,
567 995 730 1061 necatore
745 998 859 1077 quidem
873 999 1015 1060 abnuente
1031 1019 1093 1061 eam

64 1101 90 1144 ru
99 1083 282 1160 largitionem
297 1100 314 1142 e
329 1099 361 1142 re
378 1081 493 1160 publica
508 1081 581 1142 ieri
1055 1112 1058 1124 ·

162 1165 252 1244 Igitur
275 1183 338 1228 cum
358 1165 459 1226 Bibulo
484 1165 585 1225 consul
606 1177 729 1228 creatur.
771 1166 899 1228 Eandem
919 1167 957 1228 ob
978 1185 1093 1228 causam

99 1267 192 1328 opera
213 1247 249 1308 ab
267 1249 449 1328 optimatibus
465 1249 530 1310 data
550 1259 610 1326 est,
631 1259 662 1310 nt
682 1252 848 1330 provinciae
861 1251 966 1312 tuturis
990 1269 1092 1312 consu-

99 1334 176 1394 libus
190 1334 296 1396 minimi
313 1335 438 1410 negotii,
459 1333 487 1392 id
503 1342 548 1394 est
562 1333 656 1396 silvae
673 1335 840 1413 callesque,
858 1335 1091 1395 decernerentur.

100 1419 164 1494 Qua
179 1419 301 1478 maxime
316 1418 417 1478 iniuria
431 1417 595 1495 instinctus,
610 1418 742 1482 omnibus
757 1419 861 1478 ciliciis
872 1418 998 1478 Gnaeum
1011 1419 1092 1479 l’orn·

62 1503 196 1582 rspeium
218 1501 383 1562 adsectatus
407 1511 467 1579 est,
490 1503 631 1562 offensum
654 1502 798 1581 patribus,
822 1502 911 1582 quod,
932 1502 1092 1562 Mithridate
1131 1498 1136 1513 '

98 1604 174 1664 rege
191 1585 285 1660 victo,
310 1587 486 1646 cunctantius
508 1587 743 1648 confirmarentur
763 1595 827 1646 aeta
848 1604 913 1655 sua;
940 1586 1091 1666 Pompeio-

90 1683 156 1763 quc
179 1669 307 1730 Marcum
334 1667 469 1730 Crassum
496 1671 709 1746 reconciliavit,
733 1679 864 1748 ueterem
888 1671 1029 1730 inimicum
1055 1688 1092 1730 ex

90 1749 273 1828 consulatu,
296 1770 380 1850 quem
402 1770 508 1813 summa
530 1752 675 1814 discordia
695 1753 776 1814 simul
798 1762 965 1830 geaneruun
987 1772 1023 1814 ac
1046 1771 1090 1814 so·

98 1839 234 1900 cietatem
257 1855 321 1899 cum
342 1846 464 1916 utroque
481 1837 559 1913 iniit,
580 1854 616 1897 ne
634 1836 702 1915 qnid
717 1847 853 1915 ageretur
870 1839 899 1896 in
914 1855 947 1896 re
962 1837 1091 1915 publica,

59 1940 86 1981 ao
98 1922 177 2002 quod
191 1922 388 2001 displicuisset
400 1921 453 1992 ¹ulli
468 1940 485 1981 e
501 1920 600 1980 tribus.
632 1920 708 1981 Inito
722 1920 833 1981 bonore
848 1923 955 1999 primus
971 1922 1134 1983 omniumto

95 2006 232 2082 instituit,
256 2015 286 2066 ut
301 2014 358 2066 tarn
379 2012 495 2065 senatus
513 2021 597 2083 quam
613 2003 714 2085 populi
736 2003 834 2065 diurna
851 2013 914 2065 aeta
933 2005 1093 2065 confierent

96 2100 126 2152 et
155 2089 379 2169 publicarentur.
422 2088 577 2168 Antiquom
602 2090 687 2149 etiam
710 2088 808 2148 retulit
825 2105 953 2163 rnorem,
979 2096 1010 2147 ut
1034 2104 1092 2167 quo
1150 2117 1179 2161 ·.

95 2192 198 2241 mense
214 2173 317 2236 fasces¹
333 2190 390 2233 non
404 2172 543 2250 haberet,
562 2190 706 2234 accensus
719 2180 787 2233 ante
803 2191 867 2233 eum
883 2173 951 2249 iret,
972 2172 1093 2234 lictores

97 2276 177 2338 pone
193 2265 393 2337 sequerentur.
436 2257 516 2334 Lege
532 2265 626 2317 autem
641 2257 754 2335 agraria
769 2256 967 2336 promulgata,
985 2256 1091 2316 obnun-

58 2343 214 2403 mtiantem
232 2340 377 2417 collegam
398 2342 484 2403 arnus
504 2340 569 2402 iore
587 2341 715 2421 expulit,
735 2358 774 2401 ac
794 2339 978 2441 postero-die
996 2341 1024 2399 in
1047 2358 1091 2400 se-

95 2434 164 2487 natu
182 2433 387 2524 conquestum,
412 2443 468 2486 nec
488 2442 632 2505 quoquam
652 2434 773 2505 reperto
795 2426 843 2505 qui
857 2442 946 2504 super
959 2424 1009 2483 tali
1024 2440 1091 2483 con·

96 2509 275 2583 sternatione
290 2508 408 2568 referre
416 2518 464 2569 aut
480 2516 601 2569 censere
618 2508 727 2588 aliquid
742 2508 877 2607 auderet,
896 2506 990 2586 qualia
1006 2507 1092 2565 multa

96 2610 189 2670 saepe
211 2594 240 2651 in
261 2592 419 2653 levioribus
436 2592 527 2652 turbis
547 2592 664 2653 decreta
679 2601 776 2667 erunt,
796 2593 825 2650 in
847 2608 910 2651 eam
931 2591 1028 2666 coegit
1043 2587 1091 2649 de·

96 2676 309 2756 sperationem,
330 2686 375 2753 ut,
399 2675 493 2754 quoad
509 2684 652 2754 potestate
672 2675 777 2752 abiret,
794 2674 878 2734 domo
896 2672 1009 2733 abditus
1024 2672 1092 2733 nibil
1147 2701 1171 2749 χ

57 2776 85 2819 ιι)
96 2758 174 2821 aliud
190 2778 275 2839 quam
291 2778 344 2840 per
359 2760 451 2821 edicta
467 2758 663 2819 obnuntiaret..

161 2844 242 2905 Unus
257 2862 345 2904 exeo
361 2854 492 2923 tempore
508 2843 601 2902 omnia
615 2845 645 2901 in
662 2860 696 2902 re
716 2841 829 2920 publica
847 2849 876 2901 et
891 2840 927 2901 ad
947 2840 1091 2901 arbitrium

96 2927 324 3004 administrarit,
350 2936 380 2987 ut
399 2926 526 2988 nonnulli
545 2926 734 3002 urbanorum,
753 2944 818 2985 curn
841 2925 907 3003 quid
929 2943 982 3005 per
999 2927 1092 2985 iocum

95 3012 221 3073 testandi
242 3012 335 3090 gratia
355 3012 517 3089 signarent,
538 3026 596 3071 non
617 3009 744 3073 Caesare
760 3008 929 3085 etBibolo,
949 3008 1001 3069 sed
1018 3008 1091 3068 lulio

95 3105 125 3157 et
148 3094 276 3156 Caesare
297 3094 462 3156 consulibus
483 3104 576 3156 actum
596 3094 773 3170 scriberent,
794 3091 840 3153 bis
862 3092 983 3153 eundem
1007 3108 1090 3170 prae

57 3197 84 3239 us
94 3188 255 3259 ponentes,
277 3180 390 3240 nomine
411 3188 496 3259 atque
517 3179 705 3257 cognomine;
726 3186 814 3256 utque
835 3177 925 3255 vulgo
944 3192 1012 3235 mox
1032 3174 1089 3233 ler-

92 3273 194 3325 rentur
210 3263 240 3327 lri
254 3279 371 3323 versus:

168 3352 233 3407 Non
249 3352 346 3407 Brbclo
362 3353 506 3423 quicquam
521 3365 613 3422 nuper
634 3350 685 3405 sed
705 3349 824 3406 Caesare
841 3348 950 3420 saccum
969 3350 1022 3401 est.-

113 3436 116 3444 ‘
302 3436 375 3490 uam
392 3434 488 3489 nunc
505 3436 571 3505 fios
588 3435 698 3492 runnu
714 3434 754 3489 nu
772 3434 887 3489 mnne
