<?xml version="1.0" encoding="UTF-8"?>
<!DOCTYPE html PUBLIC "-//W3C//DTD XHTML 1.0 Transitional//EN"
    "http://www.w3.org/TR/xhtml1/DTD/xhtml1-transitional.dtd">
<html xmlns="http://www.w3.org/1999/xhtml" xml:lang="en" lang="en">
 <head>
  <title>
</title>
<meta http-equiv="Content-Type" content="text/html;charset=utf-8" />
  <meta name='ocr-system' content='tesseract 3.04.00' />
  <meta name='ocr-capabilities' content='ocr_page ocr_carea ocr_par ocr_line ocrx_word'/>
</head>
<body>
  <div class='ocr_page' id='page_1' title='image "./csuetonitranqui03rothgoog_0275.png"; bbox 0 0 2475 3775; ppageno 0'>
   <div class='ocr_carea' id='block_1_1' title="bbox 480 143 1130 206">
    <p class='ocr_par' dir='ltr' id='par_1_1' title="bbox 480 143 1130 206">
     <span class='ocr_line' id='line_1_1' title="bbox 480 143 1130 206; baseline 0.008 -6"><span class='ocrx_word' id='word_1_1' title='bbox 480 154 584 202; x_wconf 82' lang='lat' dir='ltr'><strong>orvus</strong></span> <span class='ocrx_word' id='word_1_2' title='bbox 599 145 782 204; x_wconf 74' lang='lat' dir='ltr'><strong>chronius.</strong></span> <span class='ocrx_word' id='word_1_3' title='bbox 1032 191 1035 197; x_wconf 65' lang='grc'>,</span> <span class='ocrx_word' id='word_1_4' title='bbox 1071 143 1130 206; x_wconf 81' lang='grc'><strong>165</strong></span> 
     </span>
    </p>
   </div>
   <div class='ocr_carea' id='block_1_2' title="bbox 2 308 1217 3527">
    <p class='ocr_par' dir='ltr' id='par_1_2' title="bbox 72 308 1185 638">
     <span class='ocr_line' id='line_1_2' title="bbox 72 308 1185 391; baseline -0.003 -20"><span class='ocrx_word' id='word_1_5' title='bbox 72 344 76 352; x_wconf 89' lang='lat'>·</span> <span class='ocrx_word' id='word_1_6' title='bbox 139 328 224 372; x_wconf 84' lang='lat' dir='ltr'><strong>causa</strong></span> <span class='ocrx_word' id='word_1_7' title='bbox 246 308 384 389; x_wconf 88' lang='lat' dir='ltr'><strong>quosdam</strong></span> <span class='ocrx_word' id='word_1_8' title='bbox 406 309 611 386; x_wconf 89' lang='lat' dir='ltr'><strong>committeret,</strong></span> <span class='ocrx_word' id='word_1_9' title='bbox 634 309 670 370; x_wconf 92' lang='lat' dir='ltr'><strong>de</strong></span> <span class='ocrx_word' id='word_1_10' title='bbox 691 308 978 391; x_wconf 86' lang='lat' dir='ltr'><strong>labrorumquoque</strong></span> <span class='ocrx_word' id='word_1_11' title='bbox 997 328 1033 372; x_wconf 87' lang='lat' dir='ltr'><strong>uc</strong></span> <span class='ocrx_word' id='word_1_12' title='bbox 1048 311 1130 370; x_wconf 89' lang='lat' dir='ltr'><strong>mini·</strong></span> <span class='ocrx_word' id='word_1_13' title='bbox 1183 339 1185 344; x_wconf 95' lang='lat'>·</span> 
     </span>
     <span class='ocr_line' id='line_1_3' title="bbox 137 393 1131 476; baseline -0.002 -20"><span class='ocrx_word' id='word_1_14' title='bbox 137 404 260 460; x_wconf 74' lang='lat' dir='ltr'><strong>suerrum</strong></span> <span class='ocrx_word' id='word_1_15' title='bbox 271 402 357 473; x_wconf 86' lang='lat' dir='ltr'><strong>atque</strong></span> <span class='ocrx_word' id='word_1_16' title='bbox 373 393 407 453; x_wconf 93' lang='lat' dir='ltr'><strong>id</strong></span> <span class='ocrx_word' id='word_1_17' title='bbox 419 409 512 470; x_wconf 85' lang='lat' dir='ltr'><strong>genus</strong></span> <span class='ocrx_word' id='word_1_18' title='bbox 526 411 660 470; x_wconf 85' lang='lat' dir='ltr'><strong>numero,</strong></span> <span class='ocrx_word' id='word_1_19' title='bbox 679 394 704 452; x_wconf 90' lang='lat' dir='ltr'><strong>si</strong></span> <span class='ocrx_word' id='word_1_20' title='bbox 718 403 890 454; x_wconf 76' lang='lat' dir='ltr'><strong>automatum</strong></span> <span class='ocrx_word' id='word_1_21' title='bbox 903 394 953 454; x_wconf 88' lang='lat' dir='ltr'><strong>vel</strong></span> <span class='ocrx_word' id='word_1_22' title='bbox 964 412 1103 476; x_wconf 81' lang='lat' dir='ltr'>pegma</span> <span class='ocrx_word' id='word_1_23' title='bbox 1082 393 1131 454; x_wconf 86' lang='lat' dir='ltr'><strong>vel</strong></span> 
     </span>
     <span class='ocr_line' id='line_1_4' title="bbox 137 476 1130 576; baseline -0.001 -37"><span class='ocrx_word' id='word_1_24' title='bbox 137 478 205 559; x_wconf 90' lang='lat' dir='ltr'><strong>quid</strong></span> <span class='ocrx_word' id='word_1_25' title='bbox 221 477 279 544; x_wconf 89' lang='lat' dir='ltr'><strong>tale</strong></span> <span class='ocrx_word' id='word_1_26' title='bbox 293 476 370 538; x_wconf 89' lang='lat' dir='ltr'><strong>aliud</strong></span> <span class='ocrx_word' id='word_1_27' title='bbox 383 495 485 576; x_wconf 85' lang='lat' dir='ltr'><strong>parum</strong></span> <span class='ocrx_word' id='word_1_28' title='bbox 500 479 647 538; x_wconf 74' lang='lat' dir='ltr'><strong>cessisset.</strong></span> <span class='ocrx_word' id='word_1_29' title='bbox 683 477 796 538; x_wconf 88' lang='lat' dir='ltr'><strong>Induxit</strong></span> <span class='ocrx_word' id='word_1_30' title='bbox 810 486 839 537; x_wconf 90' lang='lat' dir='ltr'><strong>et</strong></span> <span class='ocrx_word' id='word_1_31' title='bbox 854 490 938 540; x_wconf 89' lang='lat' dir='ltr'><strong>unum</strong></span> <span class='ocrx_word' id='word_1_32' title='bbox 955 495 993 536; x_wconf 89' lang='grc' dir='ltr'><strong>ιιι</strong></span> <span class='ocrx_word' id='word_1_33' title='bbox 1014 495 1130 553; x_wconf 82' lang='lat' dir='ltr'><strong>nomen·</strong></span> 
     </span>
     <span class='ocr_line' id='line_1_5' title="bbox 137 557 915 638; baseline -0.004 -14"><span class='ocrx_word' id='word_1_34' title='bbox 137 557 314 624; x_wconf 83' lang='lat' dir='ltr'><strong>oulatoiihus</strong></span> <span class='ocrx_word' id='word_1_35' title='bbox 329 563 406 638; x_wconf 86' lang='lat' dir='ltr'><strong>suis,</strong></span> <span class='ocrx_word' id='word_1_36' title='bbox 422 562 466 621; x_wconf 92' lang='lat' dir='ltr'><strong>sic</strong></span> <span class='ocrx_word' id='word_1_37' title='bbox 483 569 518 634; x_wconf 90' lang='lat' dir='ltr'><strong>ut</strong></span> <span class='ocrx_word' id='word_1_38' title='bbox 528 569 592 621; x_wconf 88' lang='lat' dir='ltr'><strong>erat</strong></span> <span class='ocrx_word' id='word_1_39' title='bbox 602 570 729 638; x_wconf 76' lang='lat' dir='ltr'><strong>togatus.</strong></span> <span class='ocrx_word' id='word_1_40' title='bbox 914 606 915 614; x_wconf 36' lang='grc' dir='ltr'><strong>ι</strong></span> 
     </span>
    </p>

    <p class='ocr_par' dir='ltr' id='par_1_3' title="bbox 2 641 1175 1400">
     <span class='ocr_line' id='line_1_6' title="bbox 2 641 1175 725; baseline -0.009 -12"><span class='ocrx_word' id='word_1_41' title='bbox 2 656 3 713; x_wconf 87' lang='grc' dir='ltr'><strong>ι</strong></span> <span class='ocrx_word' id='word_1_42' title='bbox 111 663 124 703; x_wconf 87' lang='grc' dir='ltr'><strong>ιι</strong></span> <span class='ocrx_word' id='word_1_43' title='bbox 197 647 261 708; x_wconf 84' lang='lat' dir='ltr'><strong>Sed</strong></span> <span class='ocrx_word' id='word_1_44' title='bbox 279 645 349 707; x_wconf 81' lang='lat' dir='ltr'><strong>nihil</strong></span> <span class='ocrx_word' id='word_1_45' title='bbox 372 663 465 725; x_wconf 89' lang='lat' dir='ltr'><strong>aeque</strong></span> <span class='ocrx_word' id='word_1_46' title='bbox 487 663 572 725; x_wconf 89' lang='lat' dir='ltr'><strong>quam</strong></span> <span class='ocrx_word' id='word_1_47' title='bbox 589 645 704 706; x_wconf 89' lang='lat' dir='ltr'><strong>timidus</strong></span> <span class='ocrx_word' id='word_1_48' title='bbox 727 663 762 706; x_wconf 92' lang='lat' dir='ltr'><strong>ac</strong></span> <span class='ocrx_word' id='word_1_49' title='bbox 784 644 917 708; x_wconf 84' lang='lat' dir='ltr'><strong>diflidens</strong></span> <span class='ocrx_word' id='word_1_50' title='bbox 932 641 994 709; x_wconf 83' lang='lat' dir='ltr'><strong>huit.</strong></span> <span class='ocrx_word' id='word_1_51' title='bbox 1030 644 1175 704; x_wconf 69' lang='lat' dir='ltr'><strong>reuersas</strong></span> 
     </span>
     <span class='ocr_line' id='line_1_7' title="bbox 2 726 1132 830; baseline -0.004 -38"><span class='ocrx_word' id='word_1_52' title='bbox 2 738 3 745; x_wconf 77' lang='grc'>’</span> <span class='ocrx_word' id='word_1_53' title='bbox 135 733 250 812; x_wconf 84' lang='grc' dir='ltr'>ιιιιιιιιιι</span> <span class='ocrx_word' id='word_1_54' title='bbox 270 728 371 792; x_wconf 89' lang='lat' dir='ltr'><strong>diebus</strong></span> <span class='ocrx_word' id='word_1_55' title='bbox 396 745 581 829; x_wconf 88' lang='lat' dir='ltr'><strong>quamquam,</strong></span> <span class='ocrx_word' id='word_1_56' title='bbox 611 738 642 789; x_wconf 90' lang='lat' dir='ltr'><strong>ut</strong></span> <span class='ocrx_word' id='word_1_57' title='bbox 668 730 809 830; x_wconf 76' lang='lat' dir='ltr'><strong>diximus,</strong></span> <span class='ocrx_word' id='word_1_58' title='bbox 833 729 955 790; x_wconf 87' lang='lat' dir='ltr'><strong>iactator</strong></span> <span class='ocrx_word' id='word_1_59' title='bbox 980 726 1132 804; x_wconf 77' lang='lat' dir='ltr'><strong>civilitatis,</strong></span> 
     </span>
     <span class='ocr_line' id='line_1_8' title="bbox 136 811 1133 914; baseline -0.005 -38"><span class='ocrx_word' id='word_1_60' title='bbox 136 833 241 914; x_wconf 89' lang='lat' dir='ltr'><strong>neque</strong></span> <span class='ocrx_word' id='word_1_61' title='bbox 248 815 382 874; x_wconf 81' lang='lat' dir='ltr'><strong>convivia</strong></span> <span class='ocrx_word' id='word_1_62' title='bbox 395 816 469 875; x_wconf 91' lang='lat' dir='ltr'><strong>inire</strong></span> <span class='ocrx_word' id='word_1_63' title='bbox 485 833 571 875; x_wconf 89' lang='lat' dir='ltr'><strong>ausus</strong></span> <span class='ocrx_word' id='word_1_64' title='bbox 586 823 636 874; x_wconf 89' lang='lat' dir='ltr'><strong>est</strong></span> <span class='ocrx_word' id='word_1_65' title='bbox 653 813 708 876; x_wconf 88' lang='lat' dir='ltr'><strong>nisi</strong></span> <span class='ocrx_word' id='word_1_66' title='bbox 727 821 758 874; x_wconf 88' lang='lat' dir='ltr'><strong>ut</strong></span> <span class='ocrx_word' id='word_1_67' title='bbox 775 813 990 892; x_wconf 74' lang='lat' dir='ltr'><strong>speculatores</strong></span> <span class='ocrx_word' id='word_1_68' title='bbox 995 829 1060 873; x_wconf 87' lang='lat' dir='ltr'><strong>oum</strong></span> <span class='ocrx_word' id='word_1_69' title='bbox 1073 811 1133 872; x_wconf 86' lang='lat' dir='ltr'><strong>lan·</strong></span> 
     </span>
     <span class='ocr_line' id='line_1_9' title="bbox 133 893 1134 978; baseline -0.007 -16.972"><span class='ocrx_word' id='word_1_70' title='bbox 133 899 199 967; x_wconf 84' lang='lat' dir='ltr'><strong>ceis</strong></span> <span class='ocrx_word' id='word_1_71' title='bbox 215 898 431 967; x_wconf 73' lang='lat' dir='ltr'><strong>circumstarent</strong></span> <span class='ocrx_word' id='word_1_72' title='bbox 449 899 613 978; x_wconf 75' lang='lat' dir='ltr'><strong>militesque</strong></span> <span class='ocrx_word' id='word_1_73' title='bbox 634 901 700 960; x_wconf 86' lang='lat' dir='ltr'><strong>uice</strong></span> <span class='ocrx_word' id='word_1_74' title='bbox 722 899 917 962; x_wconf 83' lang='lat' dir='ltr'><strong>ministrorum</strong></span> <span class='ocrx_word' id='word_1_75' title='bbox 931 893 1134 976; x_wconf 82' lang='lat' dir='ltr'><strong>fungerentur,</strong></span> 
     </span>
     <span class='ocr_line' id='line_1_10' title="bbox 136 979 1133 1062; baseline -0.005 -20"><span class='ocrx_word' id='word_1_76' title='bbox 136 1001 232 1062; x_wconf 91' lang='lat' dir='ltr'><strong>neque</strong></span> <span class='ocrx_word' id='word_1_77' title='bbox 248 1000 366 1060; x_wconf 82' lang='lat' dir='ltr'><strong>aegrum</strong></span> <span class='ocrx_word' id='word_1_78' title='bbox 384 1000 556 1062; x_wconf 83' lang='lat' dir='ltr'><strong>quemquam</strong></span> <span class='ocrx_word' id='word_1_79' title='bbox 568 983 707 1058; x_wconf 84' lang='lat' dir='ltr'><strong>visitarit</strong></span> <span class='ocrx_word' id='word_1_80' title='bbox 704 983 765 1043; x_wconf 83' lang='lat' dir='ltr'><strong>nisu</strong></span> <span class='ocrx_word' id='word_1_81' title='bbox 757 982 936 1062; x_wconf 82' lang='lat' dir='ltr'><strong>explorato</strong></span> <span class='ocrx_word' id='word_1_82' title='bbox 957 983 1038 1060; x_wconf 90' lang='lat' dir='ltr'><strong>prius</strong></span> <span class='ocrx_word' id='word_1_83' title='bbox 1054 979 1133 1040; x_wconf 78' lang='lat' dir='ltr'><strong>culti·</strong></span> 
     </span>
     <span class='ocr_line' id='line_1_11' title="bbox 102 1063 1134 1146; baseline -0.001 -23"><span class='ocrx_word' id='word_1_84' title='bbox 102 1081 128 1123; x_wconf 81' lang='lat' dir='ltr'><strong>ro</strong></span> <span class='ocrx_word' id='word_1_85' title='bbox 138 1067 205 1132; x_wconf 89' lang='lat' dir='ltr'><strong>culo</strong></span> <span class='ocrx_word' id='word_1_86' title='bbox 224 1065 394 1146; x_wconf 88' lang='lat' dir='ltr'><strong>culcitisque</strong></span> <span class='ocrx_word' id='word_1_87' title='bbox 413 1076 443 1127; x_wconf 89' lang='lat' dir='ltr'><strong>et</strong></span> <span class='ocrx_word' id='word_1_88' title='bbox 459 1067 596 1145; x_wconf 76' lang='lat' dir='ltr'><strong>stragulis</strong></span> <span class='ocrx_word' id='word_1_89' title='bbox 610 1068 828 1146; x_wconf 86' lang='lat' dir='ltr'><strong>praetemptatis</strong></span> <span class='ocrx_word' id='word_1_90' title='bbox 844 1075 873 1126; x_wconf 94' lang='lat' dir='ltr'><strong>et</strong></span> <span class='ocrx_word' id='word_1_91' title='bbox 884 1067 1029 1127; x_wconf 76' lang='lat' dir='ltr'><strong>excussis</strong></span> <span class='ocrx_word' id='word_1_92' title='bbox 1055 1063 1134 1126; x_wconf 85' lang='lat' dir='ltr'><strong>licli-</strong></span> 
     </span>
     <span class='ocr_line' id='line_1_12' title="bbox 136 1149 1135 1231; baseline -0.004 -21"><span class='ocrx_word' id='word_1_93' title='bbox 136 1168 194 1231; x_wconf 89' lang='lat' dir='ltr'><strong>quo</strong></span> <span class='ocrx_word' id='word_1_94' title='bbox 206 1159 300 1211; x_wconf 87' lang='lat' dir='ltr'><strong>autem</strong></span> <span class='ocrx_word' id='word_1_95' title='bbox 307 1159 442 1230; x_wconf 86' lang='lat' dir='ltr'><strong>tempore</strong></span> <span class='ocrx_word' id='word_1_96' title='bbox 449 1151 656 1213; x_wconf 83' lang='lat' dir='ltr'><strong>salutatoribus</strong></span> <span class='ocrx_word' id='word_1_97' title='bbox 668 1160 846 1213; x_wconf 86' lang='lat' dir='ltr'><strong>scrutatores</strong></span> <span class='ocrx_word' id='word_1_98' title='bbox 861 1167 977 1229; x_wconf 81' lang='lat' dir='ltr'><strong>semper</strong></span> <span class='ocrx_word' id='word_1_99' title='bbox 989 1149 1135 1228; x_wconf 83' lang='lat' dir='ltr'><strong>apposuit,</strong></span> 
     </span>
     <span class='ocr_line' id='line_1_13' title="bbox 136 1233 1136 1314; baseline -0.005 -18"><span class='ocrx_word' id='word_1_100' title='bbox 136 1244 167 1296; x_wconf 87' lang='lat' dir='ltr'><strong>et</strong></span> <span class='ocrx_word' id='word_1_101' title='bbox 181 1235 296 1314; x_wconf 89' lang='lat' dir='ltr'><strong>quidem</strong></span> <span class='ocrx_word' id='word_1_102' title='bbox 312 1235 445 1296; x_wconf 90' lang='lat' dir='ltr'><strong>omnihus</strong></span> <span class='ocrx_word' id='word_1_103' title='bbox 460 1244 491 1296; x_wconf 91' lang='lat' dir='ltr'><strong>et</strong></span> <span class='ocrx_word' id='word_1_104' title='bbox 504 1235 718 1297; x_wconf 77' lang='lat' dir='ltr'><strong>acerbissimos.</strong></span> <span class='ocrx_word' id='word_1_105' title='bbox 750 1235 825 1295; x_wconf 82' lang='lat' dir='ltr'><strong>Sero</strong></span> <span class='ocrx_word' id='word_1_106' title='bbox 842 1237 916 1294; x_wconf 92' lang='lat' dir='ltr'><strong>enim</strong></span> <span class='ocrx_word' id='word_1_107' title='bbox 931 1252 968 1294; x_wconf 91' lang='lat' dir='ltr'><strong>ao</strong></span> <span class='ocrx_word' id='word_1_108' title='bbox 984 1236 1034 1293; x_wconf 87' lang='lat' dir='ltr'><strong>vix</strong></span> <span class='ocrx_word' id='word_1_109' title='bbox 1049 1233 1136 1294; x_wconf 90' lang='lat' dir='ltr'><strong>remi·</strong></span> 
     </span>
     <span class='ocr_line' id='line_1_14' title="bbox 137 1311 1136 1420; baseline -0.004 -41"><span class='ocrx_word' id='word_1_110' title='bbox 137 1321 189 1397; x_wconf 89' lang='lat' dir='ltr'><strong>sit,</strong></span> <span class='ocrx_word' id='word_1_111' title='bbox 204 1337 242 1379; x_wconf 88' lang='lat' dir='ltr'><strong>ne</strong></span> <span class='ocrx_word' id='word_1_112' title='bbox 261 1311 387 1381; x_wconf 85' lang='lat' dir='ltr'><strong>feminae</strong></span> <span class='ocrx_word' id='word_1_113' title='bbox 403 1321 635 1420; x_wconf 80' lang='lat' dir='ltr'><strong>praetextatique</strong></span> <span class='ocrx_word' id='word_1_114' title='bbox 647 1321 731 1400; x_wconf 89' lang='lat' dir='ltr'><strong>pueri</strong></span> <span class='ocrx_word' id='word_1_115' title='bbox 746 1329 775 1380; x_wconf 89' lang='lat' dir='ltr'><strong>et</strong></span> <span class='ocrx_word' id='word_1_116' title='bbox 789 1319 906 1398; x_wconf 88' lang='lat' dir='ltr'><strong>puellae</strong></span> <span class='ocrx_word' id='word_1_117' title='bbox 918 1327 1136 1378; x_wconf 87' lang='lat' dir='ltr'><strong>contrectaren-</strong></span> 
     </span>
    </p>

    <p class='ocr_par' dir='ltr' id='par_1_4' title="bbox 136 1401 1217 1481">
     <span class='ocr_line' id='line_1_15' title="bbox 136 1401 1217 1481; baseline -0.005 -17"><span class='ocrx_word' id='word_1_118' title='bbox 136 1413 196 1481; x_wconf 92' lang='lat' dir='ltr'><strong>tur,</strong></span> <span class='ocrx_word' id='word_1_119' title='bbox 214 1411 245 1464; x_wconf 91' lang='lat' dir='ltr'><strong>et</strong></span> <span class='ocrx_word' id='word_1_120' title='bbox 258 1421 295 1462; x_wconf 92' lang='lat' dir='ltr'><strong>ne</strong></span> <span class='ocrx_word' id='word_1_121' title='bbox 307 1404 388 1463; x_wconf 79' lang='lat' dir='ltr'><strong>citius</strong></span> <span class='ocrx_word' id='word_1_122' title='bbox 403 1405 500 1465; x_wconf 90' lang='lat' dir='ltr'><strong>comiti</strong></span> <span class='ocrx_word' id='word_1_123' title='bbox 515 1413 562 1471; x_wconf 87' lang='lat' dir='ltr'><strong>aut</strong></span> <span class='ocrx_word' id='word_1_124' title='bbox 572 1404 692 1466; x_wconf 77' lang='lat' dir='ltr'><strong>lrhrario</strong></span> <span class='ocrx_word' id='word_1_125' title='bbox 705 1403 878 1466; x_wconf 84' lang='lat' dir='ltr'><strong>calamariae</strong></span> <span class='ocrx_word' id='word_1_126' title='bbox 894 1408 941 1462; x_wconf 89' lang='lat' dir='ltr'><strong>aut</strong></span> <span class='ocrx_word' id='word_1_127' title='bbox 952 1401 1137 1480; x_wconf 83' lang='lat' dir='ltr'><strong>graphiariae</strong></span> <span class='ocrx_word' id='word_1_128' title='bbox 1215 1427 1217 1432; x_wconf 89' lang='lat'><em>·</em></span> 
     </span>
    </p>

    <p class='ocr_par' dir='ltr' id='par_1_5' title="bbox 102 1479 1138 1818">
     <span class='ocr_line' id='line_1_16' title="bbox 102 1479 1136 1573; baseline -0.004 -26"><span class='ocrx_word' id='word_1_129' title='bbox 102 1507 128 1549; x_wconf 83' lang='lat' dir='ltr'><strong>rs</strong></span> <span class='ocrx_word' id='word_1_130' title='bbox 136 1487 242 1548; x_wconf 89' lang='lat' dir='ltr'><strong>thecae</strong></span> <span class='ocrx_word' id='word_1_131' title='bbox 254 1487 457 1549; x_wconf 77' lang='lat' dir='ltr'><strong>adimerentur</strong></span> <span class='ocrx_word' id='word_1_132' title='bbox 484 1488 565 1548; x_wconf 84' lang='lat' dir='ltr'><strong>hlotu</strong></span> <span class='ocrx_word' id='word_1_133' title='bbox 582 1488 661 1555; x_wconf 87' lang='lat' dir='ltr'><strong>civili</strong></span> <span class='ocrx_word' id='word_1_134' title='bbox 679 1506 744 1548; x_wconf 91' lang='lat' dir='ltr'><strong>oum</strong></span> <span class='ocrx_word' id='word_1_135' title='bbox 759 1479 823 1548; x_wconf 85' lang='lat' dir='ltr'><strong>eum</strong></span> <span class='ocrx_word' id='word_1_136' title='bbox 840 1486 994 1573; x_wconf 81' lang='lat' dir='ltr'><strong>Camillus,</strong></span> <span class='ocrx_word' id='word_1_137' title='bbox 1014 1502 1073 1546; x_wconf 88' lang='lat' dir='ltr'><strong>nou</strong></span> <span class='ocrx_word' id='word_1_138' title='bbox 1088 1483 1136 1544; x_wconf 92' lang='lat' dir='ltr'><strong>du·</strong></span> 
     </span>
     <span class='ocr_line' id='line_1_17' title="bbox 106 1531 1137 1652; baseline -0.003 -21.909"><span class='ocrx_word' id='word_1_139' title='bbox 106 1568 232 1632; x_wconf 87' lang='lat' dir='ltr'><strong>bitans</strong></span> <span class='ocrx_word' id='word_1_140' title='bbox 243 1573 336 1636; x_wconf 74' lang='lat' dir='ltr'><strong>edam</strong></span> <span class='ocrx_word' id='word_1_141' title='bbox 346 1571 418 1632; x_wconf 90' lang='lat' dir='ltr'><strong>citra</strong></span> <span class='ocrx_word' id='word_1_142' title='bbox 432 1571 549 1634; x_wconf 84' lang='lat' dir='ltr'><strong>bellarm</strong></span> <span class='ocrx_word' id='word_1_143' title='bbox 557 1590 650 1652; x_wconf 88' lang='lat' dir='ltr'><strong>posse</strong></span> <span class='ocrx_word' id='word_1_144' title='bbox 671 1574 794 1650; x_wconf 87' lang='lat' dir='ltr'><strong>terreri,</strong></span> <span class='ocrx_word' id='word_1_145' title='bbox 819 1531 1029 1636; x_wconf 73' lang='lat' dir='ltr'><strong>contumeliosa</strong></span> <span class='ocrx_word' id='word_1_146' title='bbox 1044 1577 1074 1630; x_wconf 90' lang='lat' dir='ltr'><strong>et</strong></span> <span class='ocrx_word' id='word_1_147' title='bbox 1087 1567 1137 1628; x_wconf 92' lang='lat' dir='ltr'><strong>mi·</strong></span> 
     </span>
     <span class='ocr_line' id='line_1_18' title="bbox 136 1655 1138 1735; baseline -0.006 -19"><span class='ocrx_word' id='word_1_148' title='bbox 136 1656 203 1716; x_wconf 88' lang='lat' dir='ltr'><strong>naci</strong></span> <span class='ocrx_word' id='word_1_149' title='bbox 224 1663 254 1714; x_wconf 90' lang='lat' dir='ltr'><strong>et</strong></span> <span class='ocrx_word' id='word_1_150' title='bbox 276 1657 439 1717; x_wconf 86' lang='lat' dir='ltr'><strong>contumaci</strong></span> <span class='ocrx_word' id='word_1_151' title='bbox 459 1657 584 1735; x_wconf 92' lang='lat' dir='ltr'><strong>epistula</strong></span> <span class='ocrx_word' id='word_1_152' title='bbox 598 1657 732 1718; x_wconf 89' lang='lat' dir='ltr'><strong>cedere</strong></span> <span class='ocrx_word' id='word_1_153' title='bbox 722 1657 846 1735; x_wconf 79' lang='lat' dir='ltr'><strong>imperio</strong></span> <span class='ocrx_word' id='word_1_154' title='bbox 863 1655 977 1718; x_wconf 91' lang='lat' dir='ltr'><strong>iuberet</strong></span> <span class='ocrx_word' id='word_1_155' title='bbox 992 1655 1138 1735; x_wconf 84' lang='lat' dir='ltr'><strong>vitamque</strong></span> 
     </span>
     <span class='ocr_line' id='line_1_19' title="bbox 138 1737 1141 1818; baseline -0.005 -20"><span class='ocrx_word' id='word_1_156' title='bbox 138 1741 262 1799; x_wconf 87' lang='lat' dir='ltr'><strong>otiosam</strong></span> <span class='ocrx_word' id='word_1_157' title='bbox 282 1739 311 1798; x_wconf 93' lang='lat' dir='ltr'><strong>in</strong></span> <span class='ocrx_word' id='word_1_158' title='bbox 327 1739 440 1817; x_wconf 88' lang='lat' dir='ltr'><strong>privata</strong></span> <span class='ocrx_word' id='word_1_159' title='bbox 461 1757 494 1799; x_wconf 90' lang='lat' dir='ltr'><strong>re</strong></span> <span class='ocrx_word' id='word_1_160' title='bbox 516 1744 621 1818; x_wconf 72' lang='lat' dir='ltr'><strong>agere,</strong></span> <span class='ocrx_word' id='word_1_161' title='bbox 642 1741 781 1802; x_wconf 88' lang='lat' dir='ltr'><strong>dubitavit</strong></span> <span class='ocrx_word' id='word_1_162' title='bbox 805 1739 938 1800; x_wconf 84' lang='lat' dir='ltr'><strong>adhibitis</strong></span> <span class='ocrx_word' id='word_1_163' title='bbox 957 1737 1141 1818; x_wconf 89' lang='lat' dir='ltr'><strong>principibus</strong></span> 
     </span>
    </p>

    <p class='ocr_par' dir='ltr' id='par_1_6' title="bbox 51 1819 1183 2661">
     <span class='ocr_line' id='line_1_20' title="bbox 137 1819 1183 1903; baseline -0.002 -21"><span class='ocrx_word' id='word_1_164' title='bbox 137 1823 226 1900; x_wconf 77' lang='lat' dir='ltr'><strong>uiris,</strong></span> <span class='ocrx_word' id='word_1_165' title='bbox 240 1840 278 1883; x_wconf 85' lang='lat' dir='ltr'><strong>au</strong></span> <span class='ocrx_word' id='word_1_166' title='bbox 285 1831 514 1903; x_wconf 89' lang='lat' dir='ltr'><strong>optemperaret</strong></span> <span class='ocrx_word' id='word_1_167' title='bbox 527 1825 672 1902; x_wconf 79' lang='lat' dir='ltr'><strong>Quasdam</strong></span> <span class='ocrx_word' id='word_1_168' title='bbox 683 1821 814 1886; x_wconf 83' lang='lat' dir='ltr'><strong>unsrdras</strong></span> <span class='ocrx_word' id='word_1_169' title='bbox 814 1832 925 1884; x_wconf 90' lang='lat' dir='ltr'><strong>temere</strong></span> <span class='ocrx_word' id='word_1_170' title='bbox 941 1822 1052 1883; x_wconf 85' lang='lat' dir='ltr'><strong>dolatas</strong></span> <span class='ocrx_word' id='word_1_171' title='bbox 1062 1819 1137 1880; x_wconf 90' lang='lat' dir='ltr'><strong>adeo</strong></span> <span class='ocrx_word' id='word_1_172' title='bbox 1146 1821 1183 1880; x_wconf 79' lang='grc'><strong>36</strong></span> 
     </span>
     <span class='ocr_line' id='line_1_21' title="bbox 102 1906 1140 2007; baseline -0.005 -40"><span class='ocrx_word' id='word_1_173' title='bbox 102 1906 274 1988; x_wconf 80' lang='lat' dir='ltr'><strong>aoexpavit,</strong></span> <span class='ocrx_word' id='word_1_174' title='bbox 298 1914 332 1966; x_wconf 89' lang='lat' dir='ltr'><strong>ut</strong></span> <span class='ocrx_word' id='word_1_175' title='bbox 356 1906 541 1985; x_wconf 90' lang='lat' dir='ltr'><strong>deponere</strong></span> <span class='ocrx_word' id='word_1_176' title='bbox 532 1912 685 2007; x_wconf 81' lang='lat' dir='ltr'><strong>imperium</strong></span> <span class='ocrx_word' id='word_1_177' title='bbox 704 1910 898 1987; x_wconf 88' lang='lat' dir='ltr'><strong>temptaverit.</strong></span> <span class='ocrx_word' id='word_1_178' title='bbox 932 1906 1081 1984; x_wconf 79' lang='lat' dir='ltr'><strong>Quodam,-</strong></span> <span class='ocrx_word' id='word_1_179' title='bbox 1109 1913 1140 1963; x_wconf 91' lang='grc' dir='ltr'><strong>ιιι</strong></span> 
     </span>
     <span class='ocr_line' id='line_1_22' title="bbox 138 1989 1139 2072; baseline -0.001 -20"><span class='ocrx_word' id='word_1_180' title='bbox 138 2009 225 2072; x_wconf 91' lang='lat' dir='ltr'><strong>supra</strong></span> <span class='ocrx_word' id='word_1_181' title='bbox 237 1989 351 2068; x_wconf 85' lang='lat' dir='ltr'><strong>rettuli,</strong></span> <span class='ocrx_word' id='word_1_182' title='bbox 370 2009 434 2051; x_wconf 88' lang='lat' dir='ltr'><strong>cum</strong></span> <span class='ocrx_word' id='word_1_183' title='bbox 448 1991 530 2053; x_wconf 84' lang='lat' dir='ltr'><strong>ferro</strong></span> <span class='ocrx_word' id='word_1_184' title='bbox 554 1995 634 2053; x_wconf 89' lang='lat' dir='ltr'><strong>circa</strong></span> <span class='ocrx_word' id='word_1_185' title='bbox 654 1994 866 2055; x_wconf 83' lang='lat' dir='ltr'><strong>sacrificantem</strong></span> <span class='ocrx_word' id='word_1_186' title='bbox 887 2011 920 2053; x_wconf 92' lang='lat' dir='ltr'><strong>se</strong></span> <span class='ocrx_word' id='word_1_187' title='bbox 943 1990 1139 2070; x_wconf 85' lang='lat' dir='ltr'><strong>deprehenso,</strong></span> 
     </span>
     <span class='ocr_line' id='line_1_23' title="bbox 138 2076 1141 2158; baseline -0.005 -22"><span class='ocrx_word' id='word_1_188' title='bbox 138 2084 268 2136; x_wconf 89' lang='lat' dir='ltr'><strong>senatum</strong></span> <span class='ocrx_word' id='word_1_189' title='bbox 289 2093 344 2154; x_wconf 91' lang='lat' dir='ltr'><strong>per</strong></span> <span class='ocrx_word' id='word_1_190' title='bbox 367 2092 531 2154; x_wconf 89' lang='lat' dir='ltr'><strong>praecones</strong></span> <span class='ocrx_word' id='word_1_191' title='bbox 551 2092 682 2158; x_wconf 85' lang='lat' dir='ltr'><strong>propere</strong></span> <span class='ocrx_word' id='word_1_192' title='bbox 703 2078 878 2138; x_wconf 86' lang='lat' dir='ltr'><strong>convocavit</strong></span> <span class='ocrx_word' id='word_1_193' title='bbox 905 2076 1091 2153; x_wconf 88' lang='lat' dir='ltr'><strong>lacrimisque</strong></span> <span class='ocrx_word' id='word_1_194' title='bbox 1109 2081 1141 2131; x_wconf 93' lang='lat' dir='ltr'><strong>et</strong></span> 
     </span>
     <span class='ocr_line' id='line_1_24' title="bbox 137 2157 1141 2238; baseline -0.006 -18"><span class='ocrx_word' id='word_1_195' title='bbox 137 2158 350 2220; x_wconf 80' lang='lat' dir='ltr'><strong>uociferatione</strong></span> <span class='ocrx_word' id='word_1_196' title='bbox 366 2162 518 2221; x_wconf 90' lang='lat' dir='ltr'><strong>miseratus</strong></span> <span class='ocrx_word' id='word_1_197' title='bbox 533 2171 580 2222; x_wconf 87' lang='lat' dir='ltr'><strong>est</strong></span> <span class='ocrx_word' id='word_1_198' title='bbox 598 2162 793 2223; x_wconf 90' lang='lat' dir='ltr'><strong>conditionem</strong></span> <span class='ocrx_word' id='word_1_199' title='bbox 814 2178 921 2238; x_wconf 86' lang='lat' dir='ltr'><strong>suam,-</strong></span> <span class='ocrx_word' id='word_1_200' title='bbox 936 2178 981 2220; x_wconf 88' lang='lat' dir='ltr'><strong>cur</strong></span> <span class='ocrx_word' id='word_1_201' title='bbox 974 2158 1068 2221; x_wconf 86' lang='lat' dir='ltr'><strong>nihil</strong></span> <span class='ocrx_word' id='word_1_202' title='bbox 1088 2157 1141 2217; x_wconf 92' lang='lat' dir='ltr'><strong>tuti</strong></span> 
     </span>
     <span class='ocr_line' id='line_1_25' title="bbox 138 2244 1141 2325; baseline -0.004 -21"><span class='ocrx_word' id='word_1_203' title='bbox 138 2261 258 2321; x_wconf 85' lang='lat' dir='ltr'><strong>usquam</strong></span> <span class='ocrx_word' id='word_1_204' title='bbox 280 2252 375 2321; x_wconf 87' lang='lat' dir='ltr'><strong>esset,</strong></span> <span class='ocrx_word' id='word_1_205' title='bbox 397 2262 433 2305; x_wconf 89' lang='lat' dir='ltr'><strong>ac</strong></span> <span class='ocrx_word' id='word_1_206' title='bbox 453 2244 501 2305; x_wconf 91' lang='lat' dir='ltr'><strong>din</strong></span> <span class='ocrx_word' id='word_1_207' title='bbox 521 2246 638 2325; x_wconf 88' lang='lat' dir='ltr'><strong>publico</strong></span> <span class='ocrx_word' id='word_1_208' title='bbox 662 2244 807 2307; x_wconf 88' lang='lat' dir='ltr'><strong>abstinuit</strong></span> <span class='ocrx_word' id='word_1_209' title='bbox 831 2246 1004 2309; x_wconf 85' lang='lat' dir='ltr'><strong>Messalinae</strong></span> <span class='ocrx_word' id='word_1_210' title='bbox 1024 2257 1141 2321; x_wconf 89' lang='lat' dir='ltr'><strong>quoque</strong></span> 
     </span>
     <span class='ocr_line' id='line_1_26' title="bbox 101 2327 1174 2412; baseline -0.002 -27"><span class='ocrx_word' id='word_1_211' title='bbox 101 2343 267 2390; x_wconf 76' lang='lat' dir='ltr'><strong>asamorem</strong></span> <span class='ocrx_word' id='word_1_212' title='bbox 287 2327 537 2405; x_wconf 80' lang='lat' dir='ltr'><strong>flagrantissimum</strong></span> <span class='ocrx_word' id='word_1_213' title='bbox 558 2348 617 2412; x_wconf 87' lang='lat' dir='ltr'><strong>non</strong></span> <span class='ocrx_word' id='word_1_214' title='bbox 638 2340 695 2392; x_wconf 91' lang='lat' dir='ltr'><strong>tam</strong></span> <span class='ocrx_word' id='word_1_215' title='bbox 714 2332 884 2409; x_wconf 85' lang='lat' dir='ltr'><strong>indignitate</strong></span> <span class='ocrx_word' id='word_1_216' title='bbox 905 2328 1174 2391; x_wconf 87' lang='lat' dir='ltr'><strong>contumeliarum·</strong></span> 
     </span>
     <span class='ocr_line' id='line_1_27' title="bbox 139 2408 1140 2510; baseline -0.006 -39"><span class='ocrx_word' id='word_1_217' title='bbox 139 2428 225 2510; x_wconf 80' lang='grc' dir='ltr'>ιιιιιιιι</span> <span class='ocrx_word' id='word_1_218' title='bbox 242 2411 363 2490; x_wconf 91' lang='lat' dir='ltr'><strong>periculi</strong></span> <span class='ocrx_word' id='word_1_219' title='bbox 378 2422 455 2473; x_wconf 90' lang='lat' dir='ltr'><strong>metu</strong></span> <span class='ocrx_word' id='word_1_220' title='bbox 470 2414 591 2492; x_wconf 88' lang='lat' dir='ltr'><strong>abiecit,</strong></span> <span class='ocrx_word' id='word_1_221' title='bbox 607 2434 671 2476; x_wconf 91' lang='lat' dir='ltr'><strong>oum</strong></span> <span class='ocrx_word' id='word_1_222' title='bbox 688 2416 820 2477; x_wconf 90' lang='lat' dir='ltr'><strong>adultero</strong></span> <span class='ocrx_word' id='word_1_223' title='bbox 836 2408 909 2475; x_wconf 91' lang='lat' dir='ltr'><strong>Silio</strong></span> <span class='ocrx_word' id='word_1_224' title='bbox 923 2412 1059 2492; x_wconf 89' lang='lat' dir='ltr'><strong>adquiri</strong></span> <span class='ocrx_word' id='word_1_225' title='bbox 1050 2425 1140 2488; x_wconf 74' lang='lat' dir='ltr'><strong>impe-</strong></span> 
     </span>
     <span class='ocr_line' id='line_1_28' title="bbox 138 2489 1141 2579; baseline -0.006 -24"><span class='ocrx_word' id='word_1_226' title='bbox 138 2498 212 2555; x_wconf 89' lang='lat' dir='ltr'><strong>rium</strong></span> <span class='ocrx_word' id='word_1_227' title='bbox 228 2496 414 2567; x_wconf 87' lang='lat' dir='ltr'><strong>credidissct;</strong></span> <span class='ocrx_word' id='word_1_228' title='bbox 432 2515 490 2575; x_wconf 90' lang='lat' dir='ltr'><strong>quo</strong></span> <span class='ocrx_word' id='word_1_229' title='bbox 507 2508 640 2579; x_wconf 91' lang='lat' dir='ltr'><strong>tempore</strong></span> <span class='ocrx_word' id='word_1_230' title='bbox 654 2500 796 2563; x_wconf 84' lang='lat' dir='ltr'><strong>foedum</strong></span> <span class='ocrx_word' id='word_1_231' title='bbox 787 2517 815 2558; x_wconf 87' lang='grc' dir='ltr'><strong>ιι</strong></span> <span class='ocrx_word' id='word_1_232' title='bbox 826 2498 944 2561; x_wconf 88' lang='lat' dir='ltr'><strong>modum</strong></span> <span class='ocrx_word' id='word_1_233' title='bbox 958 2493 1090 2571; x_wconf 88' lang='lat' dir='ltr'><strong>trepidus</strong></span> <span class='ocrx_word' id='word_1_234' title='bbox 1105 2489 1141 2550; x_wconf 92' lang='lat' dir='ltr'><strong>ad</strong></span> 
     </span>
     <span class='ocr_line' id='line_1_29' title="bbox 51 2574 1139 2661; baseline -0.004 -23"><span class='ocrx_word' id='word_1_235' title='bbox 51 2646 56 2653; x_wconf 50' lang='grc'><strong>,</strong></span> <span class='ocrx_word' id='word_1_236' title='bbox 140 2587 236 2639; x_wconf 89' lang='lat' dir='ltr'><strong>castra</strong></span> <span class='ocrx_word' id='word_1_237' title='bbox 252 2580 400 2656; x_wconf 77' lang='lat' dir='ltr'><strong>confugit,</strong></span> <span class='ocrx_word' id='word_1_238' title='bbox 420 2582 489 2641; x_wconf 84' lang='lat' dir='ltr'><strong>nihil</strong></span> <span class='ocrx_word' id='word_1_239' title='bbox 504 2590 565 2642; x_wconf 90' lang='lat' dir='ltr'><strong>tota</strong></span> <span class='ocrx_word' id='word_1_240' title='bbox 579 2586 626 2643; x_wconf 85' lang='lat' dir='ltr'><strong>via</strong></span> <span class='ocrx_word' id='word_1_241' title='bbox 641 2602 727 2661; x_wconf 87' lang='lat' dir='ltr'><strong>quam</strong></span> <span class='ocrx_word' id='word_1_242' title='bbox 741 2589 860 2643; x_wconf 80' lang='lat' dir='ltr'><strong>coactae</strong></span> <span class='ocrx_word' id='word_1_243' title='bbox 873 2579 936 2641; x_wconf 82' lang='lat' dir='ltr'><strong>sihi</strong></span> <span class='ocrx_word' id='word_1_244' title='bbox 948 2574 1097 2639; x_wconf 81' lang='lat' dir='ltr'><strong>ecloum</strong></span> <span class='ocrx_word' id='word_1_245' title='bbox 1084 2592 1139 2635; x_wconf 80' lang='lat' dir='ltr'><strong>am</strong></span> 
     </span>
    </p>

    <p class='ocr_par' dir='ltr' id='par_1_7' title="bbox 102 2660 1182 3500">
     <span class='ocr_line' id='line_1_30' title="bbox 136 2660 1182 2746; baseline -0.003 -24"><span class='ocrx_word' id='word_1_246' title='bbox 136 2663 260 2741; x_wconf 83' lang='lat' dir='ltr'><strong>perium</strong></span> <span class='ocrx_word' id='word_1_247' title='bbox 275 2665 438 2740; x_wconf 88' lang='lat' dir='ltr'><strong>requirens</strong></span> <span class='ocrx_word' id='word_1_248' title='bbox 466 2663 554 2724; x_wconf 86' lang='lat' dir='ltr'><strong>Nulla</strong></span> <span class='ocrx_word' id='word_1_249' title='bbox 581 2666 655 2725; x_wconf 86' lang='lat' dir='ltr'><strong>adeo</strong></span> <span class='ocrx_word' id='word_1_250' title='bbox 678 2666 824 2746; x_wconf 89' lang='lat' dir='ltr'><strong>suspicio,</strong></span> <span class='ocrx_word' id='word_1_251' title='bbox 845 2665 950 2726; x_wconf 86' lang='lat' dir='ltr'><strong>nullos</strong></span> <span class='ocrx_word' id='word_1_252' title='bbox 952 2670 1079 2723; x_wconf 89' lang='lat' dir='ltr'><strong>auctor</strong></span> <span class='ocrx_word' id='word_1_253' title='bbox 1085 2660 1182 2720; x_wconf 71' lang='lat' dir='ltr'><strong>tamti</strong></span> 
     </span>
     <span class='ocr_line' id='line_1_31' title="bbox 102 2746 1141 2828; baseline 0 -24"><span class='ocrx_word' id='word_1_254' title='bbox 102 2761 130 2803; x_wconf 88' lang='lat' dir='ltr'><strong>ao</strong></span> <span class='ocrx_word' id='word_1_255' title='bbox 140 2746 215 2806; x_wconf 84' lang='lat' dir='ltr'><strong>levis</strong></span> <span class='ocrx_word' id='word_1_256' title='bbox 228 2746 339 2821; x_wconf 78' lang='lat' dir='ltr'><strong>extitit,</strong></span> <span class='ocrx_word' id='word_1_257' title='bbox 351 2761 437 2825; x_wconf 91' lang='lat' dir='ltr'><strong>aquo</strong></span> <span class='ocrx_word' id='word_1_258' title='bbox 448 2764 507 2806; x_wconf 91' lang='lat' dir='ltr'><strong>non</strong></span> <span class='ocrx_word' id='word_1_259' title='bbox 517 2747 657 2808; x_wconf 89' lang='lat' dir='ltr'><strong>mediocri</strong></span> <span class='ocrx_word' id='word_1_260' title='bbox 669 2749 922 2828; x_wconf 88' lang='lat' dir='ltr'><strong>scrupuloiniecto</strong></span> <span class='ocrx_word' id='word_1_261' title='bbox 934 2747 969 2808; x_wconf 90' lang='lat' dir='ltr'><strong>ad</strong></span> <span class='ocrx_word' id='word_1_262' title='bbox 983 2746 1141 2807; x_wconf 90' lang='lat' dir='ltr'><strong>cavendum</strong></span> 
     </span>
     <span class='ocr_line' id='line_1_32' title="bbox 140 2828 1141 2909; baseline -0.003 -18"><span class='ocrx_word' id='word_1_263' title='bbox 140 2828 397 2907; x_wconf 85' lang='lat' dir='ltr'><strong>ulciscendumque</strong></span> <span class='ocrx_word' id='word_1_264' title='bbox 412 2830 646 2909; x_wconf 88' lang='lat' dir='ltr'><strong>compelleretur.</strong></span> <span class='ocrx_word' id='word_1_265' title='bbox 668 2832 754 2893; x_wconf 89' lang='lat' dir='ltr'><strong>Unus</strong></span> <span class='ocrx_word' id='word_1_266' title='bbox 763 2850 801 2892; x_wconf 86' lang='lat' dir='ltr'><strong>ex</strong></span> <span class='ocrx_word' id='word_1_267' title='bbox 815 2830 1009 2909; x_wconf 78' lang='lat' dir='ltr'><strong>litigatoribus</strong></span> <span class='ocrx_word' id='word_1_268' title='bbox 1020 2828 1141 2892; x_wconf 86' lang='lat' dir='ltr'><strong>seducto</strong></span> 
     </span>
     <span class='ocr_line' id='line_1_33' title="bbox 140 2912 1142 2997; baseline -0.003 -23"><span class='ocrx_word' id='word_1_269' title='bbox 140 2915 169 2974; x_wconf 90' lang='grc' dir='ltr'><strong>ιιι</strong></span> <span class='ocrx_word' id='word_1_270' title='bbox 184 2912 359 2973; x_wconf 86' lang='lat' dir='ltr'><strong>salutatione</strong></span> <span class='ocrx_word' id='word_1_271' title='bbox 374 2914 540 2993; x_wconf 82' lang='lat' dir='ltr'><strong>affirmarit,</strong></span> <span class='ocrx_word' id='word_1_272' title='bbox 562 2915 671 2977; x_wconf 84' lang='lat' dir='ltr'><strong>vidisse</strong></span> <span class='ocrx_word' id='word_1_273' title='bbox 687 2932 791 2997; x_wconf 88' lang='lat' dir='ltr'><strong>seper</strong></span> <span class='ocrx_word' id='word_1_274' title='bbox 809 2918 934 2994; x_wconf 92' lang='lat' dir='ltr'><strong>quietem</strong></span> <span class='ocrx_word' id='word_1_275' title='bbox 959 2914 1056 2975; x_wconf 87' lang='lat' dir='ltr'><strong>occidi</strong></span> <span class='ocrx_word' id='word_1_276' title='bbox 1077 2930 1142 2974; x_wconf 90' lang='lat' dir='ltr'><strong>eum</strong></span> 
     </span>
     <span class='ocr_line' id='line_1_34' title="bbox 141 2992 1142 3079; baseline -0.002 -21"><span class='ocrx_word' id='word_1_277' title='bbox 141 2995 312 3078; x_wconf 88' lang='lat' dir='ltr'><strong>aquodam</strong></span> <span class='ocrx_word' id='word_1_278' title='bbox 335 2996 402 3057; x_wconf 90' lang='lat' dir='ltr'><strong>dein</strong></span> <span class='ocrx_word' id='word_1_279' title='bbox 413 2961 606 3079; x_wconf 84' lang='lat' dir='ltr'><strong>paulopost,</strong></span> <span class='ocrx_word' id='word_1_280' title='bbox 628 3000 712 3079; x_wconf 88' lang='lat' dir='ltr'><strong>quasi</strong></span> <span class='ocrx_word' id='word_1_281' title='bbox 733 3018 939 3079; x_wconf 87' lang='lat' dir='ltr'><strong>percussorem</strong></span> <span class='ocrx_word' id='word_1_282' title='bbox 954 3006 1142 3077; x_wconf 86' lang='lat' dir='ltr'><strong>agnosceret,</strong></span> 
     </span>
     <span class='ocr_line' id='line_1_35' title="bbox 140 3079 1141 3146; baseline 0 -7"><span class='ocrx_word' id='word_1_283' title='bbox 140 3079 641 3145; x_wconf 84' lang='lat' dir='ltr'><strong>libellumtradentemadversarium</strong></span> <span class='ocrx_word' id='word_1_284' title='bbox 653 3102 734 3145; x_wconf 91' lang='lat' dir='ltr'><strong>suum</strong></span> <span class='ocrx_word' id='word_1_285' title='bbox 745 3083 965 3146; x_wconf 85' lang='lat' dir='ltr'><strong>demonstravit:</strong></span> <span class='ocrx_word' id='word_1_286' title='bbox 978 3082 1141 3145; x_wconf 83' lang='lat' dir='ltr'><strong>coelestim-</strong></span> 
     </span>
     <span class='ocr_line' id='line_1_36' title="bbox 102 3164 1141 3261; baseline 0 -38"><span class='ocrx_word' id='word_1_287' title='bbox 102 3174 131 3217; x_wconf 75' lang='grc' dir='ltr'><strong>ιι</strong></span> <span class='ocrx_word' id='word_1_288' title='bbox 140 3164 237 3242; x_wconf 87' lang='lat' dir='ltr'><strong>queis</strong></span> <span class='ocrx_word' id='word_1_289' title='bbox 246 3182 301 3245; x_wconf 89' lang='lat' dir='ltr'><strong>pro</strong></span> <span class='ocrx_word' id='word_1_290' title='bbox 314 3164 461 3245; x_wconf 89' lang='lat' dir='ltr'><strong>deprenso</strong></span> <span class='ocrx_word' id='word_1_291' title='bbox 474 3166 511 3229; x_wconf 90' lang='lat' dir='ltr'><strong>ad</strong></span> <span class='ocrx_word' id='word_1_292' title='bbox 521 3186 646 3248; x_wconf 87' lang='lat' dir='ltr'><strong>poenam</strong></span> <span class='ocrx_word' id='word_1_293' title='bbox 660 3177 759 3261; x_wconf 86' lang='lat' dir='ltr'><strong>raptus</strong></span> <span class='ocrx_word' id='word_1_294' title='bbox 771 3178 825 3229; x_wconf 88' lang='lat' dir='ltr'><strong>est</strong></span> <span class='ocrx_word' id='word_1_295' title='bbox 836 3168 907 3231; x_wconf 86' lang='lat' dir='ltr'><strong>Pari</strong></span> <span class='ocrx_word' id='word_1_296' title='bbox 918 3167 1004 3229; x_wconf 90' lang='lat' dir='ltr'><strong>modo</strong></span> <span class='ocrx_word' id='word_1_297' title='bbox 1018 3182 1141 3244; x_wconf 88' lang='lat' dir='ltr'><strong>oppres-</strong></span> 
     </span>
     <span class='ocr_line' id='line_1_37' title="bbox 141 3248 1140 3331; baseline 0 -24"><span class='ocrx_word' id='word_1_298' title='bbox 141 3265 204 3309; x_wconf 85' lang='lat' dir='ltr'><strong>sum</strong></span> <span class='ocrx_word' id='word_1_299' title='bbox 219 3248 317 3309; x_wconf 88' lang='lat' dir='ltr'><strong>ferunt</strong></span> <span class='ocrx_word' id='word_1_300' title='bbox 328 3249 457 3330; x_wconf 81' lang='lat' dir='ltr'><strong>Appium</strong></span> <span class='ocrx_word' id='word_1_301' title='bbox 471 3252 612 3318; x_wconf 84' lang='lat' dir='ltr'><strong>Silanum:</strong></span> <span class='ocrx_word' id='word_1_302' title='bbox 630 3270 714 3331; x_wconf 89' lang='lat' dir='ltr'><strong>quem</strong></span> <span class='ocrx_word' id='word_1_303' title='bbox 730 3270 794 3314; x_wconf 90' lang='lat' dir='ltr'><strong>oum</strong></span> <span class='ocrx_word' id='word_1_304' title='bbox 808 3253 963 3317; x_wconf 86' lang='lat' dir='ltr'><strong>llessalina</strong></span> <span class='ocrx_word' id='word_1_305' title='bbox 981 3259 1009 3309; x_wconf 91' lang='lat' dir='ltr'><strong>et</strong></span> <span class='ocrx_word' id='word_1_306' title='bbox 1024 3248 1140 3309; x_wconf 80' lang='lat' dir='ltr'><strong>Nereis</strong></span> 
     </span>
     <span class='ocr_line' id='line_1_38' title="bbox 141 3332 1142 3415; baseline -0.004 -23"><span class='ocrx_word' id='word_1_307' title='bbox 141 3350 191 3393; x_wconf 80' lang='grc' dir='ltr'>ιιιι</span> <span class='ocrx_word' id='word_1_308' title='bbox 207 3335 426 3414; x_wconf 83' lang='lat' dir='ltr'><strong>conspirassent</strong></span> <span class='ocrx_word' id='word_1_309' title='bbox 441 3336 583 3415; x_wconf 88' lang='lat' dir='ltr'><strong>perdere,</strong></span> <span class='ocrx_word' id='word_1_310' title='bbox 597 3335 698 3397; x_wconf 86' lang='lat' dir='ltr'><strong>divisls</strong></span> <span class='ocrx_word' id='word_1_311' title='bbox 712 3336 859 3415; x_wconf 89' lang='lat' dir='ltr'><strong>partibus,</strong></span> <span class='ocrx_word' id='word_1_312' title='bbox 876 3338 950 3399; x_wconf 87' lang='lat' dir='ltr'><strong>alter</strong></span> <span class='ocrx_word' id='word_1_313' title='bbox 966 3342 1032 3393; x_wconf 92' lang='lat' dir='ltr'><strong>ante</strong></span> <span class='ocrx_word' id='word_1_314' title='bbox 1047 3332 1142 3390; x_wconf 90' lang='lat' dir='ltr'><strong>lucem</strong></span> 
     </span>
     <span class='ocr_line' id='line_1_39' title="bbox 141 3411 1141 3527; baseline 0.002 -56"><span class='ocrx_word' id='word_1_315' title='bbox 141 3414 244 3473; x_wconf 87' lang='lat' dir='ltr'><strong>similis</strong></span> <span class='ocrx_word' id='word_1_316' title='bbox 264 3419 403 3510; x_wconf 87' lang='lat' dir='ltr'><strong>attonito,</strong></span> <span class='ocrx_word' id='word_1_317' title='bbox 424 3420 540 3497; x_wconf 89' lang='lat' dir='ltr'><strong>patroni</strong></span> <span class='ocrx_word' id='word_1_318' title='bbox 563 3418 725 3483; x_wconf 79' lang='lat' dir='ltr'><strong>codiculum</strong></span> <span class='ocrx_word' id='word_1_319' title='bbox 747 3423 873 3500; x_wconf 89' lang='lat' dir='ltr'><strong>inrupit,</strong></span> <span class='ocrx_word' id='word_1_320' title='bbox 898 3411 1042 3527; x_wconf 80' lang='lat' dir='ltr'><strong>affirmans</strong></span> <span class='ocrx_word' id='word_1_321' title='bbox 1066 3430 1141 3475; x_wconf 89' lang='lat' dir='ltr'><strong>sorn-</strong></span> 
     </span>
    </p>
   </div>
   <div class='ocr_carea' id='block_1_3' title="bbox 1159 535 1192 584">
    <p class='ocr_par' dir='ltr' id='par_1_8' title="bbox 1159 535 1192 584">
     <span class='ocr_line' id='line_1_40' title="bbox 1159 535 1192 584; baseline 0 0"><span class='ocrx_word' id='word_1_322' title='bbox 1159 535 1192 584; x_wconf 71' lang='lat' dir='ltr'><em>l</em></span> 
     </span>
    </p>
   </div>
   <div class='ocr_carea' id='block_1_4' title="bbox 0 0 1246 3775">
    <p class='ocr_par' dir='ltr' id='par_1_9' title="bbox 0 0 1246 3775">
     <span class='ocr_line' id='line_1_41' title="bbox 0 0 1246 3775; baseline 0 0"><span class='ocrx_word' id='word_1_323' title='bbox 0 0 1246 3775; x_wconf 95' lang='lat' dir='ltr'><strong> </strong></span> 
     </span>
    </p>
   </div>
  </div>
 </body>
</html>
