2475 3775
183 529 187 534 ⁴
289 592 334 679 c.
364 512 602 678 sennem
629 562 967 684 annitentem
1024 675 1026 681 ,
1111 505 1113 512 ,

155 770 274 876 un
325 762 554 877 vruu
609 757 1119 954 cussinum

129 1049 135 1059 ¹
339 1032 345 1042 ,
526 963 848 1088 munum
1220 949 1221 978 a

116 1116 170 1203 ,“
239 1199 243 1206 ,
303 1102 379 1177 ΐ“
440 1123 801 1204 -naunn1ne

565 1315 714 1326 -—--.-.

116 1488 131 1537 1
160 1519 163 1524 -
203 1442 327 1536 Patricia
345 1438 420 1552 gens
434 1430 553 1543 Claudia
572 1473 642 1552 (fuit
655 1473 734 1534 enim
744 1483 775 1534 et
788 1473 844 1536 alia
858 1471 992 1553 plebeia,
1009 1492 1065 1534 nec
1080 1493 1132 1554 po·
1155 1503 1167 1544 ς

141 1560 228 1619 tentia
249 1559 341 1618 minor
360 1565 418 1619 nec
432 1556 586 1636 dignitate)
610 1567 672 1618 crta
687 1553 734 1618 est
748 1576 786 1621 ex
798 1556 937 1636 Regillis,
958 1559 1069 1638 oppido
1084 1562 1134 1620 Sa·

140 1639 281 1702 binorum.
301 1641 373 1702 lude
382 1642 506 1703 ,Romam
520 1659 627 1712 recens
641 1641 783 1709 conditam
796 1659 858 1704 cnm
871 1659 973 1719 magna
984 1642 1135 1704 clientium

140 1743 225 1788 mann
238 1727 443 1804 conmigrauit,
462 1735 583 1788 auctore
598 1724 663 1786 'lito
676 1725 763 1788 datio
779 1723 917 1800 consorte
932 1725 1061 1805 Romuli,
1077 1729 1136 1805 rel,

142 1809 219 1893 qnod
230 1811 325 1889 magis
338 1815 462 1889 constat,
476 1809 545 1877 sna
560 1808 681 1872 Claudio
694 1811 793 1895 gentis
806 1809 948 1889 principe,
964 1818 1032 1890 post
1046 1829 1136 1891 regns

141 1903 264 1959 exactos
282 1904 366 1957 sexto
385 1896 449 1955 iere
466 1913 557 1960 auno:
573 1904 660 1975 atque
676 1896 705 1957 in
722 1896 857 1975 patricias
875 1904 1021 1976 cooptata,
1033 1913 1133 1973 agrum
1145 1918 1169 1959 ro

140 1980 259 2058 insuper
270 1988 348 2041 trans
358 1978 499 2040 Anienem
512 1978 665 2041 clientibus
676 1980 827 2059 locumque
837 1976 893 2039 sibi
907 1976 944 2039 ad
959 1978 1136 2057 sepulturum
1220 1974 1221 1977 ’

142 2061 195 2122 sub
211 2061 356 2142 Capitolio
369 2063 485 2141 publice
500 2063 625 2141 accepit.
651 2062 799 2141 Deinceps
810 2061 990 2142 procedente
1000 2070 1137 2141 tempore

141 2144 354 2223 duodetriginta
367 2146 542 2223 consulatus,
550 2146 706 2207 dictaturas
718 2148 853 2225 quinque,
863 2164 998 2207 censuras
1010 2154 1137 2225 septem,

141 2226 299 2306 triumpbos
310 2246 387 2303 εει,
408 2228 478 2288 duas
492 2229 644 2290 orationes
658 2230 764 2309 adepta
776 2238 830 2291 est.
860 2228 931 2290 Gom
944 2232 1136 2309 praenomini-

140 2309 195 2369 bus
209 2311 484 2389 cognominibusque
503 2313 595 2388 variis,
610 2312 850 2391 distingueretur,
869 2307 938 2373 Luci
958 2311 1137 2393 praenomen
1148 2330 1171 2370 us

142 2410 286 2457 consensu
301 2394 477 2474 repudiavit,
499 2405 652 2475 postquam
668 2414 686 2457 e
703 2396 814 2457 duobus
827 2396 982 2476 gentilibus
997 2398 1139 2477 praeditis

140 2496 180 2540 eo
197 2478 272 2539 alter
291 2478 450 2556 latrocinii,
471 2480 570 2540 caedis
591 2480 665 2543 alter
681 2482 831 2544 conuictus
847 2490 901 2543 est.
931 2480 1010 2541 luter
1025 2498 1137 2559 cogno

140 2564 215 2624 mina
230 2572 325 2624 autem
337 2572 367 2623 ct
380 2562 506 2624 Neronis
520 2565 689 2644 assumpsit,
711 2582 767 2643 quo
781 2566 958 2643 significatur
972 2565 1069 2641 lingua
1084 2566 1137 2625 Sa·

140 2644 207 2707 bina
220 2646 305 2709 fortis
319 2664 355 2707 ac
369 2656 510 2709 emenone.

115 2742 133 2792 2
201 2728 290 2794 nutu
306 2732 458 2793 multorum
474 2731 658 2808 Claudiorum
670 2734 792 2811 egregia
805 2732 921 2809 merita,
945 2732 1032 2796 multa
1049 2733 1172 2793 etiamn
1209 2752 1218 2765 ·

43 2823 46 2830 ¹
142 2813 259 2887 sequius
278 2814 401 2877 admissa
415 2818 444 2877 in
458 2834 520 2877 rem
535 2834 564 2896 p.
579 2826 687 2879 extant.
718 2816 777 2877 Sed
791 2825 821 2875 ut
837 2816 994 2895 praecipua
1010 2832 1138 2878 camme·

141 2908 266 2971 rnorem,
281 2897 394 2975 Appius
410 2898 522 2962 Caecus
535 2902 705 2961 societatem
719 2918 783 2963 cum
798 2918 870 2977 rege
885 2899 976 2975 Pyrro
991 2907 1021 2959 ut
1035 2916 1140 2979 parum

89 3003 93 3009 -
142 2974 289 3047 salubrem.
300 2980 364 3039 iniri
378 2980 521 3044 dissuasit.
549 2982 683 3046 Claudius
695 2981 814 3043 Caudex
829 2984 936 3061 primus
950 2984 1027 3045 freto
1040 2982 1140 3043 classe

141 3060 265 3119 traiecto
284 3060 399 3122 Poenos
419 3067 517 3127 Sicilia
537 3068 657 3146 expulit,
690 3066 753 3127 l'ib.
773 3066 854 3127 Nero
876 3066 1077 3129 advenientem
1100 3084 1140 3127 ex
1220 3092 1221 3145 r

142 3140 278 3220 Hispania
305 3162 367 3205 cnm
392 3146 555 3223 ingentibus
580 3150 673 3229 copiis
695 3148 918 3227 Hasdrubalem,
947 3150 1025 3229 prius
1051 3167 1175 3229 quamne
1220 3160 1221 3185 ³

143 3224 276 3285 Annibali
296 3226 376 3299 fratri
400 3231 638 3310 conjungeretur,
669 3234 825 3312 oppressit.
867 3231 976 3294 Contra
999 3232 1140 3295 Claudius

142 3308 333 3387 Regillianus,
348 3310 496 3372 decemvir
509 3314 624 3390 legibus
639 3316 810 3394 scribendis,
825 3318 967 3395 virginem
981 3318 1140 3394 ingenuam
1220 3356 1221 3365 η

143 3395 267 3470 pervim
282 3392 407 3454 libidinis
420 3397 514 3471 gratia
527 3397 556 3455 in
571 3400 738 3458 servitutem
751 3417 885 3459 asserere
903 3410 1032 3477 conatus,
1049 3418 1143 3461 causa
1220 3406 1221 3487 }
