2475 3775
155 180 175 238 4
191 234 195 244 ,
244 189 274 238 c.
289 189 438 262 sunnone
454 189 580 249 nasac.
596 189 644 235 nu
659 189 741 236 vara
758 174 939 238 cansarum
956 190 1023 236 ura.
1034 191 1060 236 ·1.

156 362 235 426 quoa
245 361 351 410 cecam
365 341 455 403 mmai
469 339 690 422 defendieccat,
708 342 802 405 esitio
815 341 952 421 futurem
958 367 973 414 ,-
988 362 1060 405 acm
1071 343 1152 406 Goe-

77 469 86 500 ,
156 430 225 490 cori
239 427 348 488 multoc
360 426 480 488 lllorioa
493 427 602 487 iacere.

129 535 146 585 2
220 511 366 591 Stipendia
382 515 471 590 prima
486 512 515 570 in
526 511 596 570 Asia
610 509 680 568 lecit
693 509 782 569 llarci
795 511 909 572 Thermi
924 513 1067 590 praetoris
1082 531 1153 573 con·
1199 549 1202 552 ·

156 597 303 665 tuhernio;
319 613 336 656 a
352 613 408 674 quo
424 594 460 655 ad
471 594 678 654 accersendam
690 593 813 654 classem
824 596 854 653 in
866 593 1024 670 Bithyniam
1035 597 1153 673 missus,

156 680 268 742 desedit
290 677 365 758 apud
388 677 583 753 Nicomeden,
608 694 668 736 non
685 677 747 736 sine
766 692 882 738 rumore
900 688 1063 757 prostratae
1085 682 1179 758 regit

156 766 324 846 pudicitiae;
341 781 424 841 quem
439 780 582 822 rumorem
596 761 690 838 auxit,
702 762 775 823 intra
789 780 901 842 paucos
914 781 1013 822 rursus
1026 762 1092 822 dies
1105 781 1152 824 re·

105 852 107 860 ’
156 851 245 929 petita
262 845 391 921 Bithynia
406 864 460 924 per
478 863 592 906 causant
606 845 767 922 exigendae
789 847 946 924 pecuniae,
966 864 1041 925 quae
1063 843 1152 906 dehe-

155 943 234 993 retur
256 930 365 991 cuidam
381 929 515 989 libertino
532 929 630 989 clienti
647 947 709 991 suo.
730 929 854 1008 Reliqua
866 929 965 990 militia
979 931 1153 990 secundiore

155 1018 232 1078 fama
246 1016 298 1075 fuit
314 1023 343 1074 et
365 1031 381 1072 a
398 1013 522 1074 Thermo
545 1014 804 1092 inexpugnatione
821 1013 1020 1109 ldrtilqnarum
1041 1031 1152 1073 corona

127 1107 145 1160 3
158 1101 249 1160 civica
265 1097 385 1158 donatus
401 1105 455 1158 est.
484 1097 587 1158 Meruit
603 1106 633 1156 et
648 1097 699 1156 suh
715 1097 840 1159 Servilio
855 1097 983 1158 Isaurico
999 1096 1152 1172 incilicia,
1164 1109 1189 1148 ιο

156 1185 208 1244 sed
223 1183 304 1245 brevi
318 1191 459 1260 tempore.
489 1181 562 1241 Nam
577 1181 676 1241 Sullae
695 1190 788 1241 morte
804 1188 970 1259 comperta,
992 1180 1075 1240 simul
1097 1199 1159 1258 spe

156 1284 249 1328 novae
273 1264 478 1342 dissensionis,
506 1283 580 1344 quae
603 1283 657 1344 per
677 1265 803 1326 Marcum
818 1264 955 1341 Lepidum
970 1263 1152 1339 movebatur,

155 1353 276 1412 Romam
296 1366 423 1428 propere
449 1349 533 1410 redit.
565 1347 602 1408 Et
619 1348 719 1427 Lepidi
743 1347 856 1426 quidem
877 1348 1032 1425 societate,
1054 1365 1151 1426 quam-

157 1453 241 1514 quam
263 1435 375 1510 magnis
396 1432 613 1511 condicionibus
632 1433 816 1508 inritaretur,
839 1430 990 1507 abstinuit,
1019 1449 1082 1492 cum
1110 1432 1152 1490 in·

156 1520 245 1595 genio
269 1519 330 1576 eius
351 1517 460 1576 diliisus
480 1525 538 1575 tum
559 1517 732 1590 occasione,
754 1533 838 1592 quam
854 1517 994 1574 minorem
1015 1517 1153 1593 opinione
1163 1532 1190 1572 rs

128 1601 326 1662 tolicnderat.
351 1599 484 1660 Ceterum
497 1601 659 1678 composita
670 1599 812 1659 seditione
826 1599 902 1658 civili
914 1595 1078 1658 cornelium
1091 1597 1152 1656 llo-

157 1685 293 1746 lahellam
313 1683 494 1744 consularem
514 1692 542 1743 et
564 1683 763 1762 triumphalem
784 1682 1006 1761 repetundarum
1025 1682 1153 1760 postula-

157 1771 212 1839 vit;
229 1767 421 1846 absolutoque
435 1767 568 1830 Rhodum
584 1767 724 1828 secedere
738 1768 848 1842 statuit,
862 1775 891 1825 et
904 1765 940 1826 ad
953 1764 1154 1825 declinandam
1231 1837 1233 1844 Ι

155 1852 290 1915 invidiam
308 1860 338 1911 et
354 1860 384 1911 ut
404 1869 457 1930 per
479 1854 566 1913 otium
587 1869 621 1912 ac
643 1854 773 1931 requiem
789 1850 947 1929 Apollonio
965 1848 1073 1910 Moloni
1095 1848 1154 1909 cla·

57 1955 59 1962 ’
156 1941 271 1999 sissimo
292 1946 359 1997 tunc
381 1936 494 1996 dicendi
514 1938 654 2013 magistro
677 1953 796 2013 operam
816 1933 906 1993 daret.
940 1933 1003 1993 lluc
1024 1932 1088 1993 dum
1110 1932 1192 1993 hj-ao

156 2023 256 2082 hernia
275 2022 329 2079 iam
353 2020 498 2079 mensibus
519 2021 628 2095 traicit,
652 2020 730 2078 circa
752 2016 986 2078 Pharmacussam
1000 2016 1156 2077 insulama

158 2102 354 2184 praedonibus
366 2113 468 2182 captus
480 2112 540 2179 est,
553 2104 716 2180 mansitque
729 2101 804 2180 apud
817 2119 884 2177 ecs,
896 2119 954 2161 non
967 2102 1030 2160 siue
1047 2118 1157 2160 summa

156 2188 368 2264 indignatione,
386 2203 481 2264 prope
498 2185 686 2263 quadraginta
702 2184 765 2245 dies
780 2203 843 2245 cnm
859 2203 914 2245 uno
932 2184 1045 2245 medico
1061 2195 1091 2245 et
1105 2204 1155 2244 cu-

156 2270 293 2331 bicularis
309 2268 430 2329 duobus.
462 2268 534 2327 Nam
550 2270 673 2328 comites
690 2285 854 2347 servosque
870 2278 986 2328 ceteros
1001 2270 1081 2328 initio
1098 2278 1154 2328 sta-

156 2355 207 2417 tim
222 2352 258 2413 ad
274 2351 470 2431 expediendas
485 2352 756 2431 pecunias,quihus
770 2352 976 2429 redimeretur,
998 2352 1193 2412 dimiseratas

157 2437 319 2499 Numeratis
341 2436 444 2496 deinde
467 2437 675 2515 quinquaginta
689 2436 819 2512 talentis,
842 2436 995 2515 expositus
1015 2435 1044 2495 in
1067 2435 1155 2496 litore

157 2540 216 2586 non
240 2521 348 2582 distulit
376 2521 443 2599 quin
470 2538 486 2579 e
511 2522 637 2596 vestigio
660 2520 756 2579 classe
781 2519 903 2579 deducta
928 2528 1156 2597 persequeretur

157 2608 307 2681 abeuntis,
328 2623 363 2666 ac
383 2603 518 2665 redactos
539 2606 566 2662 in
584 2612 757 2683 potestaten
781 2604 942 2683 supplicio,
970 2603 1048 2681 quod
1063 2620 1157 2683 saepe

157 2692 215 2750 illis
229 2692 350 2749 minatus
365 2689 439 2749 inter
455 2689 550 2750 iocum
565 2688 674 2764 iuerat,
690 2687 839 2748 adiiceret.
864 2688 1004 2747 Vastante
1016 2689 1156 2763 regiones

158 2775 307 2851 proximas
322 2771 482 2833 Mithridate
497 2790 532 2832 ne
546 2772 682 2831 desidere
696 2774 724 2832 in
733 2772 898 2832 discrimine
914 2772 1059 2831 sociorum
1076 2772 1155 2830 vide·
1167 2786 1196 2825 ao

157 2864 255 2931 retur,
267 2854 302 2915 ah
316 2856 437 2933 Rhodo,
450 2872 508 2935 quo
524 2855 723 2934 pertenderat,
736 2856 849 2915 transiit
862 2856 890 2913 iu
902 2853 1015 2931 Asiam,
1030 2855 1156 2914 auxiliis-

161 2956 218 3018 que
234 2943 389 3014 eontractis
405 2950 435 2999 et
455 2940 606 3018 praelecto
629 2940 709 3015 regis
724 2939 875 3018 provincia
888 2937 1013 3016 expulso
1031 2939 1158 2998 nutantis
1228 2999 1229 3006 ,

161 3040 196 3082 ac
212 3021 312 3081 dubias
329 3023 460 3083 civitates
472 3026 590 3083 retinuit
604 3025 633 3082 in
648 3021 713 3081 lide.

134 3119 150 3169 5
224 3104 379 3167 'l'rihuuatu
393 3106 520 3182 militum,
537 3108 584 3185 qui
599 3104 839 3184 primusllomam
852 3122 975 3164 reverso
990 3123 1043 3184 per
1056 3106 1158 3165 suifra-
1228 3115 1229 3180 j

53 3245 56 3255 ,
161 3190 209 3267 gia
226 3184 434 3269 populi‘honcr
447 3191 565 3267 optigit,
582 3197 700 3249 actores
713 3188 907 3249 restituendae
919 3189 1088 3249 tribuniciae
1104 3206 1158 3267 po·
1171 3210 1200 3251 aa
1228 3207 1229 3264 t

161 3274 288 3349 testatis,
302 3273 382 3332 cuius
393 3273 450 3330 vim
462 3272 541 3333 Sulla
553 3273 732 3347 diminuerat,
747 3273 911 3351 enixissime
923 3274 1002 3332 iuvit.
1025 3273 1056 3332 L.
1072 3276 1160 3334 etiam
1228 3293 1229 3310 ³

69 3387 71 3392 ·
163 3356 270 3418 Cinnae
286 3359 386 3416 uxoris
399 3356 495 3431 iratri,
518 3357 609 3433 etqui
628 3371 690 3414 cum
711 3372 747 3414 eo
765 3356 841 3416 cirili
859 3353 1005 3417 discordia
1019 3357 1161 3436 Lepidum

164 3443 254 3501 secuti
271 3451 338 3520 post
351 3457 451 3501 necem
464 3438 591 3499 consulis
606 3438 641 3497 ad
651 3439 809 3499 Sertorium
822 3440 1024 3517 coniugerant,
1036 3442 1163 3502 reditum
