2475 3775
224 179 273 227 nn
382 152 390 159 ’
558 178 770 226 aanasnrro.

224 337 289 396 Nam
305 337 333 394 iu
344 336 552 393 Polento'niaria
571 335 696 408 seriptis,
711 352 828 406 quorum
844 338 935 407 gratia
951 335 1044 392 scelus
1057 334 1127 391 illud
1152 371 1156 377 -

225 420 397 479 commissum
414 436 477 475 esse
493 420 597 490 lertur,
613 420 704 474 nullas
720 418 849 475 Suetonii
865 420 981 475 lacinias
996 435 1029 474 ac
1044 418 1127 489 plane

224 505 299 561 nulla
319 510 443 560 veterum
472 503 638 574 scriptorum
659 501 783 572 vestigia
808 503 863 558 nisi
883 504 1058 573 vulgatorum
1076 517 1127 556 ex-

224 596 300 645 stare
316 584 516 643 demonstravit
528 584 634 640 Bitschl
652 584 682 640 in
697 584 829 655 Parergis
844 585 977 642 l’lautinis
990 593 1004 643 1
1020 602 1048 656 p.
1063 589 1126 644 632.

287 669 387 726 Omnes
409 668 496 739 igitur
520 668 566 743 qui
593 667 771 723 inueniuntur
788 668 904 725 codices
925 667 1030 724 novicii
1053 673 1127 737 sunt,

225 755 245 812 i.
265 771 290 810 e.
307 754 393 809 altera
407 757 486 824 parte
501 749 606 807 saeculi
623 750 673 807 XV
688 746 830 827 seripti²⁸>
845 758 875 807 ut
891 768 958 809 sane
976 750 1129 806 mirandum

225 838 261 894 sit
280 843 334 893 tam
351 834 431 891 brevi
452 840 578 906 tempore
599 839 703 890 tautam
723 833 876 893 lectionum
893 835 1085 891 diversitatem
1099 833 1128 888 in

225 916 360 991 exemplis
388 934 423 973 ex
447 932 501 973 uno
528 917 695 990 propagatis
721 918 853 974 subnasci
872 918 1008 991 poluisse.
1053 916 1129 973 llaec

226 1004 351 1074 exempla
368 1000 436 1056 nulli
458 1000 520 1056 usui
536 1001 639 1069 lorent,
655 1000 710 1056 uisi
727 1001 801 1056 liber
820 1002 869 1057 ille
886 1003 921 1059 ab
936 1001 1069 1058 llenocho
1085 999 1128 1054 in-

224 1092 322 1143 ventus
337 1086 383 1141 vel
403 1084 525 1156 perisset
540 1085 585 1141 vel
600 1084 700 1154 ignoto
715 1084 781 1141 loco
797 1085 906 1141 lateret.
950 1084 1027 1138 Nune
1037 1088 1068 1137 nt
1081 1098 1128 1138 res

225 1170 371 1237 sehabet,
389 1167 455 1224 boui
474 1167 540 1222 libri
560 1184 576 1223 a
591 1167 733 1240 corruptis
751 1166 941 1238 distimendi
956 1172 1020 1223 suat
1030 1171 1059 1221 et
1072 1165 1127 1221 cri·

224 1252 280 1308 tico
297 1252 447 1321 diligenter
462 1250 606 1320 sequendi.

67 1332 216 1424 ὓθᾱῑῆῗωῑ·
286 1334 385 1391 hibelli
407 1335 442 1390 de
454 1333 645 1389 Grammaticis
668 1340 696 1390 et
711 1333 872 1391 rhetoribus
888 1332 1002 1390 codices
1017 1332 1127 1403 scripti,

124 1396 139 1436 p
158 1410 165 1423 ’
225 1424 353 1491 quantum
366 1416 565 1489 agoeomperi,
580 1415 706 1473 universi
717 1410 1127 1489 reperiunturnumerollv”).

224 1502 267 1557 Ex
287 1502 322 1557 iis
339 1500 479 1572 aequabili
495 1500 643 1571 diligentie
661 1500 697 1555 ad
714 1499 934 1557 emendationem
954 1499 1049 1555 collati
1066 1504 1129 1554 suat

226 1584 361 1655 quinque:
381 1582 541 1652 Leidensis,
565 1599 646 1654 quem
660 1582 797 1652 singulari
814 1584 849 1639 de
869 1599 954 1639 eausa
968 1580 1129 1638 Perizoniu-

225 1683 288 1723 num
304 1666 454 1738 appellant,
471 1665 622 1735 Gudianus,
639 1665 843 1736 berolinensis,
858 1665 1033 1738 llarleiauus,
1051 1664 1130 1722 Pari-

227 1751 313 1805 sinus.
357 1749 399 1805 De
415 1748 452 1805 iis
466 1748 558 1804 statim
575 1750 689 1807 uberius
705 1749 823 1807 dicetur.
867 1750 991 1806 Nondum
1006 1750 1129 1821 diligen-

226 1841 270 1891 ter
285 1832 433 1889 examinati
444 1832 490 1889 vel
504 1848 539 1888 ne
554 1833 674 1906 inspecti
689 1835 799 1904 quidem
813 1841 877 1890 sunt
891 1834 957 1890 libri
971 1833 1063 1890 ltalici
1078 1848 1130 1889 oo-

227 1935 305 1987 rem,
327 1933 442 1988 qnorum
463 1916 584 1988 quinque
606 1919 709 1974 Romae
730 1918 760 1973 in
781 1918 925 1974 Pontihoia
946 1918 1129 1986 bibliotheca,

227 2001 331 2072 singuli
344 1999 481 2069 Veneriis,
497 2001 676 2069 Mediolanii,
691 1990 866 2071 Florentiae,
882 2000 999 2073 Neapoli
1013 2016 1129 2055 servan·

228 2089 287 2146 tur;
305 2099 387 2138 uuum
399 2081 564 2138 Hauniensis
580 2083 751 2139 bibliotheca
764 2084 892 2155 possidet
902 2083 930 2138 in
943 2077 1085 2156 oaniaw).

225 2197 433 2210 -————

296 2271 345 2336 28)
361 2275 492 2324 Annorum
510 2285 583 2326 notas
601 2276 629 2326 hi
641 2277 803 2342 praeieruntr
822 2277 1041 2340 Mod-Leidensis,
1061 2279 1130 2331 1462

228 2341 386 2401 harleianus,
406 2343 473 2395 1464
487 2345 608 2406 Venetus,
626 2347 693 2397 1477
706 2346 887 2399 Berolineusis.

295 2407 343 2472 29)
363 2411 423 2460 lude
441 2427 472 2461 ue
490 2413 574 2478 specie
588 2413 691 2476 quidem
708 2415 762 2462 veri
779 2416 863 2465 ornari
877 2417 958 2481 potuit
975 2416 1080 2465 verbum
1098 2416 1129 2465 oh

227 2477 329 2528 homine
351 2479 496 2529 doctissimo
523 2480 661 2545 eodemque
683 2481 872 2533 bibliothecario
894 2484 1007 2533 Amadeo
1029 2483 1129 2547 Peyron

228 2548 353 2608 iactatum,
373 2549 416 2610 qul
430 2550 455 2599 in
469 2549 562 2598 Notitla
577 2550 698 2599 librorum
715 2549 870 2616 eValperga
888 2552 947 2601 bibl.
963 2551 1064 2600 Tauria.
1082 2552 1130 2600 do-

227 2623 342 2666 natorum
358 2616 426 2682 Lips.
445 2617 513 2668 1820
528 2633 554 2683 p.
571 2617 605 2668 65
623 2619 738 2680 Inclinat,
756 2619 849 2682 lnquit,
865 2621 965 2669 animus
982 2631 1010 2667 ur
1027 2620 1130 2668 credam

228 2683 375 2735 Suetonium
394 2685 426 2734 de
445 2687 631 2751 grammaticis,
655 2690 726 2737 oseas
747 2695 810 2737 teste
832 2687 982 2737 Oweubono
1001 2689 1130 2751 oeattqr'wn

228 2753 323 2814 quidem
337 2756 428 2802 nattam
444 2757 470 2804 r'n
487 2755 599 2804 librariis
615 2758 655 2805 nel
670 2756 864 2820 tempteasssetmte
884 2762 1008 2817 appara,
1032 2756 1063 2804 ab
1081 2757 1130 2805 im·

228 2821 371 2883 posteribus
389 2819 528 2890 philologis
549 2824 636 2872 ltaliae
657 2839 722 2874 saec.
738 2823 787 2872 XV
803 2838 860 2872 esse
875 2823 1024 2888 profectum.

297 2886 344 2951 30)
361 2889 531 2940 Romanorum
547 2891 613 2939 tituli
630 2889 657 2940 hi
678 2898 749 2940 sunt:
768 2891 884 2942 Vaticani
893 2899 944 2940 tres
954 2889 1029 2940 1518.
1050 2890 1128 2942 1862.

228 2952 315 3015 4498,
343 2955 523 3007 ottobonianus
551 2959 635 3019 1455,
660 2958 767 3008 Urbinas
792 2958 867 3008 1194.
903 2959 997 3009 Eorum
1016 2958 1129 3008 Achilles

233 3022 336 3083 Statius,
353 3037 410 3072 oum
423 3020 491 3074 huno
507 3026 619 3075 libellum
637 3042 661 3076 a.
681 3025 747 3076 1565
765 3027 859 3075 Romae
878 3027 972 3088 ederet,
988 3026 1062 3087 dnos,
1078 3041 1130 3076 nou

227 3099 294 3148 tres,
312 3093 438 3142 consuluit
452 3102 477 3143 et
493 3093 608 3156 quidem,
626 3103 653 3143 ut
672 3095 774 3160 opinor,
792 3096 872 3160 primo
886 3096 941 3144 loco
959 3103 1129 3145 enumeratos.

227 3183 263 3196 —
279 3157 391 3209 Venetus
409 3162 489 3211 codex
507 3163 533 3210 iu
550 3161 677 3211 Marciana
693 3162 843 3212 bibliotheca
861 3163 942 3214 class.
959 3162 1028 3224 xlv,
1052 3164 1062 3211 l
1083 3177 1130 3213 no-

227 3232 308 3288 tatus,
326 3227 385 3277 olim
400 3228 496 3278 Patavii
513 3230 539 3277 ia
554 3229 612 3279 bibl.
633 3228 659 3280 S.
679 3230 780 3280 loannis
797 3233 824 3279 in
842 3231 977 3280 viridiario
993 3232 1129 3295 repositus,

228 3294 337 3358 scriptus
355 3304 393 3345 est
406 3296 535 3346 Bononiae
553 3312 576 3347 a.
590 3297 671 3355 14043
690 3293 737 3349 cir.
756 3298 901 3348 Massmaun
918 3298 952 3347 ad
970 3299 1050 3348 Taciti
1067 3298 1130 3348 Ger-

227 3364 352 3423 maniam,
371 3364 479 3414 Thomas
496 3365 523 3412 iu
542 3363 679 3413 Mfiuehner
696 3365 747 3429 gel.
766 3370 831 3416 Ana.
853 3365 919 3417 1853
939 3382 981 3416 uo.
1003 3367 1028 3418 l.
1046 3368 1073 3417 2.
1094 3391 1129 3404 -

171 3429 175 3438 ⁴
228 3427 373 3482 Mediolanii
399 3432 595 3481 Ambrosianum
626 3432 738 3481 codicem
763 3443 940 3483 commemorat
966 3434 1130 3486 Montlsucon
