2475 3775
276 554 318 636 c.
347 555 581 649 souuoru
604 519 942 646 neruosusne

127 719 244 823 ou
296 720 526 859 vrum
572 721 1104 834 onusnoum

485 924 726 991 amenum.
901 874 903 885 γ
1019 870 1021 874 ’
1129 895 1131 900 ’

200 1072 289 1179 ..ζ
361 1040 808 1166 „concretus

510 1278 698 1291 *ιιι-ι-

84 1443 97 1484 s
172 1417 373 1499 Germanicos,
392 1419 426 1482 0.
448 1419 582 1484 caesaris
603 1431 702 1501 pater,
724 1421 810 1484 Drusi
827 1432 857 1484 et
875 1421 993 1511 minoris
1008 1425 1097 1486 Anto·
1116 1443 1131 1494 1

109 1506 175 1566 niae
188 1505 275 1583 iilius,
287 1525 305 1567 a
316 1505 435 1567 Tiberio
449 1515 552 1586 petron
567 1506 730 1587 adoptatus,
747 1518 928 1587 quaesturam
943 1509 1098 1588 quinquen·

108 1591 158 1650 nio
181 1599 248 1652 ante
270 1608 353 1669 mam
375 1591 533 1669 perleges
555 1591 661 1652 liceret
685 1601 715 1652 et
742 1602 811 1672 post
835 1611 899 1654 eam
924 1593 1101 1654 consulatum

109 1675 205 1746 actim
215 1677 317 1752 gessit,
333 1675 495 1758 missusque
507 1674 717 1736 adexeroitum
730 1678 759 1738 in
772 1675 961 1754 Germaniam,
976 1685 1101 1738 excessu

109 1757 233 1834 Augusti
249 1760 386 1834 nuntiato,
401 1757 536 1835 legiones
549 1760 716 1838 uniuersas,
737 1763 941 1840 imperatorem
957 1759 1102 1822 Tiberium

9 1837 14 1859 “
76 1841 340 1923 ropertinacissimc
350 1843 511 1922 recusantis
524 1851 554 1903 et
564 1842 620 1905 sibi
633 1860 769 1909 summam
783 1845 826 1905 rei
842 1863 870 1925 p.
887 1843 1047 1905 deferentis
1060 1846 1101 1904 in·
1213 1897 1223 1917 ,

109 1934 219 1986 cemnm
230 1928 343 2005 pietate
355 1942 393 1987 an
408 1928 567 1988 constantia
581 1928 692 1989 meiere
707 1930 899 2007 compescuit,
915 1938 1001 2007 etque
1016 1928 1102 1987 hoste

106 2026 176 2070 mox
195 2009 311 2071 devicto
331 2010 524 2091 triumphavit.
555 2010 665 2073 Consul
684 2012 787 2073 deinde
808 2014 910 2073 iterum
931 2020 1046 2073 oreatus
1063 2030 1102 2071 ¹nc
1137 2020 1139 2027 ’

107 2095 189 2173 prius
207 2112 291 2173 pam
304 2095 444 2156 honorem
458 2096 546 2156 iniret⁴
558 2096 594 2156 ad
611 2092 840 2177 componendum
856 2096 982 2157 Orientis
997 2105 1101 2157 statum

107 2177 262 2258 expulsus,
284 2197 347 2240 cum
360 2180 516 2240 Armeniae
529 2197 631 2257 regem
651 2179 824 2259 devicisset,
842 2178 1057 2261 cappadociam
1071 2182 1100 2239 in

73 2279 100 2321 rs
110 2263 282 2341 provinciae
294 2263 415 2324 formam
430 2262 612 2341 redeg'sset,
628 2282 730 2327 annum
745 2284 838 2344 agens
852 2266 954 2328 aetatis
970 2274 1100 2343 quartum

107 2355 138 2406 et
160 2346 354 2408 tricensimum
375 2347 508 2408 diuturno
530 2348 632 2409 morbo
647 2349 820 2412 Antiochiae
844 2349 930 2427 obiit,
953 2366 1011 2409 non
1037 2350 1098 2408 sine

105 2429 214 2490 veneni
233 2433 409 2510 suspicione
440 2430 513 2495 Nem
535 2441 653 2511 praeter
672 2433 798 2511 livores,
823 2435 871 2512 qui
891 2442 954 2493 toto
972 2449 1099 2511 corpore

105 2521 200 2591 erant,
215 2515 245 2574 ei
258 2531 391 2593 spumas,
410 2532 485 2593 quae
502 2532 604 2594 per'os
617 2516 758 2592 fluebant,
775 2517 893 2577 cremati
909 2532 1029 2593 ¹quoque
1047 2531 1099 2594 cor

104 2597 263 2658 interossa
273 2600 470 2677 incorruptum
479 2608 627 2676 repertum
638 2608 697 2660 est:
708 2602 788 2659 ouius
800 2618 834 2660 ea
845 2607 945 2659 natura
954 2594 1098 2657 existime-

68 2689 163 2756 atur,
177 2689 209 2740 nt
221 2681 338 2759 tinctum
352 2699 467 2743 veneno
481 2682 551 2757 igne
567 2682 673 2741 ceniici
687 2690 822 2761 nequeat.
856 2680 933 2759 iniit
946 2690 1049 2759 autem,
1064 2691 1094 2741 nt
1114 2694 1132 2746 u

104 2764 208 2843 opinio
226 2763 296 2842 tuit,
321 2763 551 2839 fraude'l'iheri,
571 2765 729 2825 ministerio
745 2772 775 2824 et
788 2782 880 2845 opera
898 2763 957 2825 CN.
973 2765 1096 2843 Pisonis,

103 2849 156 2927 qni
176 2847 229 2908 snb
258 2850 333 2910 idem
358 2858 470 2926 tempus
494 2846 603 2921 Syriae
619 2849 821 2927 praepositus,
840 2866 896 2909 neo
916 2848 1097 2912 dissimuians
1175 2920 1179 2927 ‚

103 2930 310 2993 offendendum
329 2932 384 2992 sibi
404 2933 453 2992 aut
472 2940 584 3012 patrem
607 2928 774 3010 sutilium,
795 2932 877 3011 quasi
893 2933 979 3012 plane
994 2934 1032 2994 ita
1046 2953 1096 2995 ne-

101 3032 194 3077 cesse
211 3026 301 3093 esset,
313 3018 398 3077 etism
413 3032 533 3092 aegrum
547 3015 745 3077 Germanicum
755 3016 1096 3094 gravissimisverltorum

64 3112 141 3160 ssao
158 3118 256 3161 rerum
268 3098 472 3161 acerbitatibus
491 3099 570 3167 nulio
586 3098 714 3160 adhibito
732 3100 818 3161 modo
834 3100 954 3173 adiecit3
975 3111 1095 3181 propter

102 3200 191 3262 quae,
209 3192 240 3244 ut
255 3186 376 3247 Romam
391 3182 484 3261 rediit,
506 3200 600 3263 paene
617 3183 781 3263 discerptus
798 3203 814 3245 a
832 3184 950 3264 populo,
963 3203 980 3246 a
995 3194 1094 3245 senatu
1201 3233 1224 3247 ,.

101 3267 213 3347 capitis
233 3266 382 3329 damoetas
396 3274 451 3327 est.
495 3266 601 3328 Omnes
616 3266 785 3329 Germanico
803 3270 936 3348 corporis
951 3269 1092 3345 animique
1109 3274 1127 3328 3

99 3352 236 3431 virtutes,
248 3360 279 3411 et
295 3360 416 3430 quamn
435 3352 538 3412 nemini
551 3352 690 3429 cuiquem,
708 3353 865 3429 contigisse
881 3353 950 3413 satis
967 3358 1093 3411 constat:

99 3434 226 3497 formam
240 3443 271 3495 et
290 3434 484 3497 fortitudinem
500 3437 662 3514 egregiam,
686 3436 830 3514 ingenium
850 3437 879 3496 in
896 3444 1018 3511 utroque
1033 3431 1093 3491 elo·
