2475 3775
554 145 657 194 uano.
1047 136 1106 200 193

114 299 249 360 vehicula
263 298 414 384 portandis
425 300 569 358 scaenicis
584 301 721 378 organis,
736 301 969 380 concubinasque
983 315 1055 382 quas
1063 321 1107 362 se·

116 401 180 445 cum
192 375 329 444 educeret
343 381 480 444 tondendi
492 382 530 443 ad
540 382 653 442 virilem
664 385 779 446 modum
796 394 827 444 et
842 385 992 446 securibus
1010 387 1107 465 peltis·

116 486 173 547 que
187 467 372 528 Amazonicis
383 466 549 527 instruendi.
572 467 644 528 lion
657 469 748 530 tribus
762 468 886 529 urbanas
898 468 934 528 ad
946 485 1107 531 sacramen

114 553 298 628 tumebant,
313 567 349 612 ac
359 550 440 610 nullo
451 549 557 610 idoneo
569 552 768 630 respondente
789 561 898 614 certum
911 551 1032 615 dominis
1047 571 1107 612 ser-

92 653 217 696 enorum
227 652 376 695 numerum
386 634 503 705 indixit;
516 652 571 694 uec
583 637 638 695 nisi
651 655 690 697 en
699 645 764 700 tota
770 638 922 715 cuiusque
921 635 1029 697 iamilia
1040 653 1108 714 pre<

114 720 292 796 batissimos,
304 737 340 778 ne
353 718 602 797 dispeusatonbus
625 720 740 798 quidem
758 730 805 781 aut
823 716 1041 782 amanuensibus
1059 737 1108 778 ex·

114 804 221 882 ceptis,
234 803 357 882 recepit.
389 803 504 864 Partem
515 804 602 864 etiam
612 819 718 866 census
730 821 831 865 omnes
845 805 962 866 ordines
974 804 1109 866 conferre

113 889 212 964 iussit,
226 889 386 966 etinsuper
400 887 557 966 inquilinos
571 889 748 966 privatarum
766 881 877 949 aedium
896 898 982 968 atque
1005 888 1109 948 insula·

113 972 359 1050 rumpensronem
367 987 489 1034 annuam
499 975 819 1052 repraesentaretisoo
833 975 992 1054 exegitque
1000 969 1110 1050 ingenti
1138 977 1141 984 “

77 1073 105 1116 ιι
115 1055 232 1117 fastidio
245 1065 274 1117 et
285 1053 446 1116 acerbitate
456 1065 598 1116 nummum
609 1075 753 1135 asperum,
766 1066 915 1133 argentam
928 1055 1109 1136 postulatum,

114 1158 213 1202 aarum
234 1139 271 1200 ad
288 1138 458 1217 obrussam,
477 1149 510 1199 ut
524 1140 658 1219 plerique
675 1158 790 1202 omnem
808 1139 995 1201 collationem
1015 1139 1110 1218 palam

113 1233 299 1301 recusarent,
319 1239 466 1284 consensu
477 1223 658 1300 flagitantes,
677 1243 694 1285 a
712 1223 889 1288 delatoribus
905 1225 1001 1304 potius
1024 1239 1109 1284 revo-

115 1306 208 1369 canda
225 1308 354 1387 praemia
372 1324 571 1386 quaecumque
588 1309 748 1387 cepissent.
780 1307 827 1368 Ex
844 1325 976 1369 armonae
993 1313 1152 1386 quoquelt

114 1394 235 1454 caritate
253 1391 375 1452 lucranti
393 1390 524 1452 adcrevit
540 1387 662 1462 in'ridia;
683 1409 747 1454 uam
764 1401 796 1452 et
809 1391 887 1454 forte
905 1389 1019 1466 accidit,
1035 1400 1066 1450 ut
1082 1391 1111 1449 in

74 1477 229 1558 republica
240 1476 316 1536 ieme
327 1474 525 1553 Alexandrina
541 1478 624 1536 navis
636 1478 812 1538 nuntiaretur
825 1476 975 1570 pulverem
988 1475 1111 1534 luctato·

113 1560 194 1622 ribus
206 1560 308 1621 aulicis
320 1557 486 1620 aduexisse.

178 1645 276 1722 Quare
286 1645 410 1704 omnium
420 1645 450 1703 in
461 1659 496 1703 se
507 1642 598 1705 odio
588 1644 717 1722 incitato,
730 1643 800 1704 nihil
814 1643 1050 1706 contumeliarum
1061 1641 1133 1701 de·

114 1730 168 1791 iuit
181 1730 249 1807 quin
261 1727 382 1788 subiret
412 1727 575 1788 Statuas
546 1746 610 1787 etus
624 1747 641 1789 a
658 1730 769 1792 uertice
786 1729 879 1788 cirrus
896 1728 1048 1806 appositus
1084 1735 1111 1785 st

115 1832 180 1888 carn
192 1811 384 1890 inscriptione
395 1810 523 1889 Graeca,
540 1830 623 1873 ncnc
638 1811 812 1893 dermocop
814 1829 877 1872 ono
891 1827 976 1888 aesc,
998 1745 1109 1884 ιιιζιι·

72 1899 204 1960 mderet
221 1895 363 1962 tondeant!
392 1894 521 1955 Alterius
540 1896 625 1957 collo
642 1914 787 1977 ascopers
793 1831 953 1973 §deligam
971 1894 1111 1971 simulque

113 1983 229 2045 titulus:
255 1979 324 2059 Epo
342 1978 418 2062 quid
427 1980 540 2077 potati?
560 1980 618 2041 sed
633 1986 665 2043 ιιι
685 1981 815 2043 culleum
833 1979 979 2041 mermieti.
1012 1974 1110 2037 Ascri-

5 2106 7 2111 -
114 2076 194 2151 ptpm
215 2074 246 2125 et
263 2063 456 2163 columnis,
442 2073 508 2124 ιιιιιι
530 2063 656 2126 Gallos
678 2082 746 2127 eom
767 2064 924 2126 cantando
945 2062 1109 2125 escitoeae.
1141 2084 1162 2129 ιι

112 2132 350 2213 Iamnoctibns'
341 2148 435 2225 turgia
452 2166 516 2208 omn
530 2150 629 2209 servis
648 2149 782 2229 plerique
801 2150 985 2226 simulantes
1004 2146 1109 2209 crebro

114 2230 492 2311 Vindicemposcebant.

73 2340 104 2381 ιι
178 2316 355 2379 Terrebatur
367 2315 472 2377 adhoc
482 2316 663 2378 evidentibus
676 2320 818 2397 portentis
830 2318 1006 2379 somniorum
1018 2324 1049 2375 et
1064 2332 1110 2373 au·
1119 2323 1153 2379 tt

114 2404 273 2484 spiciorum
291 2410 320 2461 et
338 2402 487 2480 ominum,
499 2420 563 2462 cam
583 2402 732 2463 veteribus
748 2411 806 2463 tum
826 2404 920 2462 novis.
952 2400 1112 2496 Nunquam

42 2507 48 2511 ·
115 2496 201 2548 antea
213 2487 357 2547 somniare
368 2485 481 2563 solitus,
495 2487 594 2547 occisa
607 2486 719 2547 demum
731 2496 823 2547 matre
834 2484 904 2545 vidit
914 2483 1110 2563 perquiotem,

112 2589 219 2633 navem
239 2570 295 2631 sibi
312 2569 428 2645 regenti
449 2578 595 2630 extortum
614 2569 857 2647 gubernaculum,
874 2568 1006 2644 trahique
1026 2580 1058 2622 se
1075 2562 1111 2623 ab

114 2656 341 2715 Octaviauxore
353 2653 550 2713 inertissimas
568 2652 705 2715 tenebras
718 2661 748 2712 et
764 2651 853 2711 modo
865 2652 1042 2747 pinnatarum
1053 2646 1110 2707 ior·

75 2741 253 2800 comicamm
271 2734 448 2796 multitudine
468 2735 598 2814 oppleri,
618 2736 706 2796 modo
725 2753 741 2794 a
759 2734 918 2796 simulacris
936 2732 1063 2809 gentium
1075 2730 1111 2793 ad

113 2824 238 2901 Pompei
250 2821 391 2880 theatrum
401 2817 596 2879 dedicatarum
608 2819 751 2879 circumiri
764 2818 916 2895 arcerique
934 2830 1108 2896 progressum

113 2917 313 2980 asturconem,
327 2920 385 2981 quo
396 2903 519 2963 maxime
528 2901 700 2981 laetabatur,
710 2902 874 2982 posteriore
884 2903 1019 2979 corporis
1028 2909 1109 2980 parte

113 2994 145 3052 in
162 2992 265 3054 suniae
284 2988 415 3067 speciem
431 2988 675 3065 nansliguratum,
696 3005 731 3048 ac
747 2996 854 3047 tantum
877 2988 972 3065 capite
996 2987 1109 3065 integro

113 3077 241 3138 hinnitus
253 3072 343 3134 edere
356 3088 492 3133 canoros.
523 3070 568 3132 De
580 3071 732 3133 llausoleo
735 3079 861 3151 ,sponte
876 3070 988 3132 loribus
999 3069 1109 3149 pateia·
1136 3118 1139 3127 ,

75 3162 184 3235 sactis,
196 3157 329 3220 exaudita
338 3171 398 3217 ιοιι
412 3164 457 3217 est
466 3172 582 3217 nomme
592 3157 777 3217 eumenentts
793 3152 839 3215 lll.
849 3154 908 3215 lan.
918 3153 1109 3217 exornanda

114 3260 283 3322 resmrpso
294 3239 430 3301 sacndoa
441 3248 582 3318 apparatu
599 3240 803 3310 conciderunt;
823 3240 982 3319 auspicanti
999 3238 1110 3315 Sporus
1139 3249 1152 3299 ,ζ

115 3326 232 3389 anulum
248 3341 358 3386 munem
351 3322 490 3402 optulit,
507 3326 589 3385 cuius
605 3342 738 3403 gemmae
757 3323 903 3403 sculptura
919 3332 980 3383 erat
991 3320 1109 3380 Proser·

115 3428 205 3491 pmae
217 3418 331 3489 raptus
344 3416 478 3469 votorum
490 3412 713 3491 nuncupatione,
727 3424 832 3495 magna
844 3426 900 3469 nam
912 3406 1041 3549 opdmum
1053 3404 1109 3465 fre
1190 3452 1195 3457 .

169 3513 323 3590 sacremus.
427 3513 434 3523 ⁸
673 3536 677 3545 .
907 3491 920 3548 l
