2475 3775
393 191 395 195 ·
489 170 593 220 Davus
609 164 735 222 IULIUS
931 172 952 182 ''
1072 161 1109 222 15
1215 210 1218 213 -

180 321 251 385 Cum
273 339 345 402 ergo
362 323 519 386 sublatam
524 323 726 386 tribunorum
716 296 981 386 mtsrcsssionsm
967 343 1111 407 ipsosque
1118 338 1151 392 31

110 359 194 470 urbe
201 408 327 472 cessisse
338 408 495 469 nuntiatum
507 417 563 485 est,
578 409 746 486 praemissis
758 406 910 468 confestim
921 410 995 469 clam
1006 411 1109 471 cobor-

114 493 207 570 tibns,
227 510 264 551 ue
282 508 338 569 qua
352 491 480 569 suspicio
495 499 676 569 moueretur,
691 499 722 551 ct
735 491 905 570 spectaculo
922 491 1038 570 publico
1056 512 1111 573 per

114 574 371 637 dissimulationem
387 575 514 635 interluit
527 584 556 635 et
569 536 705 652 formabi,
724 591 781 653 qua
787 574 896 635 ludum
910 574 1111 652 gladiatorium

93 669 180 723 serat
191 658 402 734 aedificaturus,
419 658 611 719 consideravit
622 666 653 718 ct
664 676 703 718 cx
714 658 919 735 consuetudine
932 661 1065 720 conuiuio
1077 680 1110 721 se

114 743 261 842 frequenti
280 740 373 801 dedit
408 741 483 802 Dein
500 748 570 822 post
585 741 658 802 solis
672 759 827 818 oetaeum,
845 742 930 802 mulis
945 761 962 802 c
979 746 1109 821 proximo

116 828 237 908 pistrino
255 825 293 888 ad
306 824 490 887 vehiculum
481 827 600 903 nunctis,
622 826 869 887 occultissimum
859 834 915 886 rter
931 827 1045 887 modico
1061 845 1109 888 eo·

116 913 215 972 mitutu
232 911 383 987 ingressus
399 919 459 979 est;
469 920 515 971 et
534 929 604 972 cum·
619 909 771 970 luminibus
787 911 920 970 extinctis
933 905 1111 972 decessisset
1152 940 1156 948 ·

116 996 181 1070 via,
203 993 265 1053 diu:
273 991 466 1071 errabundus,
487 994 601 1056 tandem
624 993 661 1055 ad
686 994 780 1054 lucem
802 993 880 1054 duce
899 1004 1034 1073 reperto,
1057 1013 1110 1074 per

79 1079 337 1156 noangustissimos
353 1077 480 1138 tramites
496 1077 618 1158 pedibus
634 1079 742 1147 evasit;
760 1086 991 1157 consecutusque
1006 1079 1109 1140 cobor-

116 1163 155 1241 ιιι
167 1161 204 1222 ιιι
216 1160 397 1222 Rubiconem
408 1161 528 1240 flumen,
544 1162 592 1240 qui
607 1162 775 1241 provinciae
790 1163 852 1222 eius
868 1162 932 1222 linis
948 1171 1026 1240 erat,
1041 1180 1109 1241 pau·

116 1247 175 1307 lum
193 1245 334 1322 constitit,
356 1263 391 1306 ac
410 1248 549 1326 inputans
565 1254 699 1324 quantum
713 1244 878 1322 moliretur,
901 1264 1060 1308 conversus
1074 1247 1110 1308 ad

116 1331 267 1410 proximos
288 1326 394 1390 Elium
412 1348 493 1392 muno
517 1330 608 1408 inquit
633 1328 757 1426 reprcds'
772 1347 958 1428 possumus;
979 1331 1112 1410 quodsi

112 1413 303 1493 ponticulum
333 1414 565 1489 omnesomnes,
598 1414 703 1474 omutu
732 1414 830 1485 amuis
860 1413 982 1512 wanda
1005 1422 1107 1477 eunt.

78 1497 268 1562 redundanti
286 1505 427 1559 οιιιιιιιιι
447 1499 504 1558 tale
519 1499 626 1560 fautum
643 1505 697 1559 est.
740 1498 860 1574 Quidam
881 1497 984 1558 eximia
1004 1499 1110 1575 magni·
1116 1511 1151 1565 aa

115 1581 214 1642 tudine
230 1590 259 1640 et
278 1580 395 1642 lorma
386 1600 415 1641 ιιι
435 1583 567 1661 proximo
583 1569 690 1642 sedens
702 1591 825 1662 repente
840 1582 986 1660 apparuit,
1008 1580 1108 1642 barun-

115 1667 183 1726 dine
199 1683 320 1734 canens3
343 1664 379 1725 ad
399 1683 484 1744 quem
498 1665 667 1726 audiendum
682 1683 746 1726 cum
762 1673 879 1744 praeter
892 1674 1028 1744 pastores
1048 1665 1109 1745 plu·

114 1751 179 1810 rimi
185 1749 284 1809 etiam
304 1766 342 1809 ex
359 1749 531 1820 stationibus
551 1750 659 1810 milites
672 1750 886 1810 concurrissent
903 1751 1035 1827 interque
1057 1766 1110 1808 eos

115 1843 146 1895 et
161 1841 354 1911 aeneatures,
370 1841 453 1913 rapta
474 1832 510 1895 ab
525 1851 582 1894 uno
605 1832 673 1895 tuba
689 1832 832 1913 prosilivit
851 1833 888 1893 ad
907 1833 1011 1893 flumen
1025 1833 1078 1893 et
1069 1851 1108 1892 ιιι-
1161 1839 1164 1843 “

77 1917 197 1996 nogenti
218 1918 320 1996 spiritu
342 1917 500 1979 classicum
516 1935 640 1979 exorsus
656 1917 800 1997 pertendit
816 1918 852 1978 ad
872 1917 1031 1977 alteram
1005 1934 1108 2013 ripum.

115 2002 198 2063 Tunc
218 1996 328 2061 Caesar
348 2000 451 2063 Entur
468 2002 574 2081 inquit,
595 2019 655 2082 quo
678 2000 806 2062 deorum
825 2006 945 2062 ostentu
965 2000 1023 2059 et
1009 2000 1107 2060 animi-

114 2102 222 2147 cuaum
242 2085 389 2165 iniquitas
402 2093 504 2148 uocat.
540 2084 636 2146 ductu
653 2086 726 2146 ulcu
739 2090 801 2161 eut,
824 2084 923 2163 inquit.
958 2083 1055 2162 Atque
1070 2085 1152 2145 itast

89 2170 239 2234 traiecto
260 2172 405 2247 exercitu,
426 2168 559 2231 adhibitis
574 2170 695 2230 tribunis
711 2168 823 2249 plebis,
847 2169 897 2247 qui
918 2167 993 2247 pulsi
1009 2187 1108 2247 super·

114 2262 270 2330 venerant,
287 2270 341 2331 pro
359 2254 492 2315 contione
504 2254 589 2315 fldem
600 2255 718 2319 militurn
729 2254 802 2328 llens
816 2271 852 2314 ac
865 2262 947 2313 veste
959 2271 976 2313 ι
988 2261 1109 2332 pectore

79 2336 220 2400 nadisciss
253 2338 410 2398 invocavit.
453 2337 639 2399 Existimatur
652 2340 737 2399 etiam
757 2345 910 2417 equestres
925 2355 1030 2397 census
1047 2337 1108 2415 pol·

114 2355 367 2505 beitusffimulis;
391 2422 467 2499 quod
491 2422 594 2483 accidit
613 2424 750 2521 opinione
775 2423 858 2490 [alsa.
900 2420 973 2481 Nam
996 2439 1061 2481 eum
1081 2421 1110 2479 in

115 2503 299 2581 adloquendo
328 2504 583 2585 exhortandoqne
593 2508 710 2586 saepius
736 2505 854 2583 digitum
878 2504 981 2565 laeuue
1010 2521 1110 2563 manus

116 2596 265 2648 ostentans
286 2588 464 2665 adfirmaret,
491 2608 523 2649 se
551 2588 587 2649 ad
608 2592 678 2650 satis
699 2590 863 2650 laciendum
883 2586 1029 2662 omnibus,
1056 2604 1109 2664 per

117 2688 192 2749 quos
203 2671 368 2749 dignitatem
380 2691 459 2733 suam
472 2672 644 2731 defensurus
654 2682 750 2747 esset,
762 2671 876 2731 anulum
888 2687 1004 2748 quoque
1014 2687 1109 2747 aequo

79 2756 211 2817 unanimo
227 2756 416 2819 detracturum
434 2754 502 2831 sibi,
524 2764 652 2815 eumenus
667 2758 778 2832 contio,
799 2756 844 2815 cui
862 2753 976 2813 lucilius
991 2762 1054 2814 erat
1067 2755 1109 2813 ui·

115 2838 187 2899 dere
202 2841 411 2903 contionantem
423 2857 507 2918 quam
518 2838 634 2914 audire,
649 2856 704 2918 pro
718 2838 795 2899 dicto
806 2838 936 2917 aceepit,
955 2836 1032 2917 quod
1046 2839 1110 2897 uisu

114 2923 331 3004 suspicabatur-3
355 2926 584 3003 promissumque
604 2922 649 2983 ιιι
668 2922 817 2983 anulorum
833 2942 907 2989 eum
912 2922 1027 2986 milibus
1041 2941 1108 3001 qua

108 3008 277 3086 dringeuis,
292 3010 367 3069 fama
381 3008 496 3069 distulit.

182 3092 261 3153 Ordo
278 3102 307 3153 et
322 3111 429 3153 summa
445 3108 558 3168 rerum,
581 3108 654 3169 quus
669 3090 808 3171 deinceps
822 3093 933 3169 gessit,
956 3092 999 3151 sic
1013 3109 1057 3153 se
1060 3090 1108 3149 ba·
1117 3104 1152 3158 34

77 3174 194 3237 nubent
237 3176 373 3237 Picenum
387 3175 532 3239 Umbriam
549 3175 692 3237 Etruriam
711 3176 881 3275 occupauit,
905 3184 935 3235 et
949 3176 1037 3237 Lucio
1051 3173 1109 3233 Do

112 3260 212 3337 mitio,
239 3262 287 3338 qui
306 3279 359 3340 per
379 3260 525 3322 tumultum
546 3277 701 3321 successor
724 3260 752 3319 ei
774 3260 934 3320 numiuatus
956 3257 1110 3318 Corfinium

113 3342 265 3423 praesidio
279 3344 411 3423 tenebat,
429 3346 457 3403 in
474 3343 615 3405 dicionem
629 3344 749 3405 redacto
764 3352 852 3423 atquc
866 3342 992 3419 dimisso,
993 3357 1108 3412 secun·

114 3427 183 3541 dum
199 3429 341 3509 Superum
357 3446 437 3491 mare
454 3428 633 3492 Brundisium
646 3427 784 3507 tetendit,
807 3445 866 3507 quo
878 3425 1014 3488 consules
1027 3422 1117 3483 Pom·
