2475 3775
368 196 371 202 ¹
456 171 708 237 curcedomus.
900 201 905 206 ·
991 178 1075 239 117

148 342 299 406 Gonieotis
318 334 411 402 bellis‘
431 341 823 421 quinquiens'trinmpbavit,
849 352 917 423 post
938 343 1121 411 deuictum37

83 430 252 508 Scipionem
277 435 378 504 qnater
399 426 501 485 eodem
523 444 638 501 mense,
658 427 713 486 sed
730 429 890 486 interiectis
910 427 1026 504 diebos,
1044 438 1080 488 ‘et

35 550 39 556 ·
85 530 187 574 rursus
203 510 294 570 semel
312 513 379 590 post
394 517 547 588 superatos
562 509 681 588 Pompei
696 509 816 570 liberos.
849 511 971 570 Primum
986 521 1014 570 et
1029 531 1079 571 ex-

85 595 321 657 uetnudsstmum
336 592 506 671 triumphurn
521 594 581 670 egit
595 594 751 671 Gallicum,
769 603 938 673 sequentem
953 594 1079 655 Alexan-

16 756 18 760 .
62 681 213 754 sdrinum,
231 677 333 738 deinde
350 677 514 752 Ponticum,
531 676 774 761 bnicpronimurn
788 678 969 755 Africanum,
985 681 1079 739 novis·
1097 698 1100 703 ·

85 766 187 825 simum
205 761 440 840 Hispaniensem,
463 761 578 833 diverso
603 778 746 840 quemque
767 767 907 842 apparatu
927 770 957 821 et
979 763 1080 822 instru-

83 857 191 908 mento.
230 845 339 906 ’Gallici
355 844 489 923 tridmphi
505 845 551 904 die
565 844 723 905 Velabrum
745 845 976 924 praetervehens
988 864 1082 925 paene

86 949 171 991 curru
187 947 327 990 exeussus
342 937 402 1004 est,
419 946 472 988 axe
489 929 635 1005 diffracto,
655 928 842 1008 ascenditque
859 929 1030 1008 Capitolium
1045 928 1083 989 ad

82 1015 206 1090 lomina,
231 1014 417 1093 qnadraginta
431 1011 595 1092 elephantis
609 1013 711 1074 dextra
732 1022 818 1091 atque
834 1015 948 1073 sinistra
964 1013 1081 1088 lyebnn·

49 1116 74 1156 ro
87 1100 160 1160 ohos
180 1097 370 1176 gestantibus.
413 1097 533 1156 Pontico
557 1097 700 1175 triumpho
723 1097 798 1156 inter
825 1104 949 1176 pompae
971 1097 1083 1156 ieronla

83 1185 168 1245 trium
186 1181 339 1241 verborum
354 1180 489 1259 praetulit
502 1180 612 1240 titulum
627 1182 727 1256 veni,
745 1181 836 1258 vidi,
854 1182 926 1240 vici
947 1198 1004 1240 non
1018 1189 1082 1240 acta

84 1265 157 1326 belli
179 1265 404 1342 significantem,
427 1265 501 1324 sient
523 1265 647 1339 esteris,
669 1264 721 1324 sed
736 1265 873 1325 celeriter
887 1265 1013 1324 coniecti
1030 1281 1082 1323 no·

84 1361 152 1411 tam.
196 1349 350 1428 veteranis
372 1347 538 1424 legionibus
558 1348 687 1427 praedae
707 1351 821 1408 nornine
842 1349 872 1408 in
893 1349 1006 1428 pedites
1027 1349 1125 1410 sin-38

85 1433 173 1512 gulos
190 1428 357 1511 superbius
373 1433 518 1509 sestertia,
538 1450 612 1510 qnae
628 1433 708 1492 initio
725 1433 818 1492 civilis
833 1433 967 1492 tumultus
985 1449 1082 1490 nume·

51 1533 75 1573 re
86 1517 217 1592 raserat,
234 1517 337 1576 vicena
352 1524 490 1593 quaterna
504 1517 580 1576 milia
591 1534 732 1576 nummum
747 1516 834 1577 dedit.
866 1516 1040 1594 adsignavit
1054 1523 1085 1574 et

85 1618 186 1677 agros,
202 1600 254 1660 sed
269 1616 327 1659 non
343 1600 503 1676 continuos,
521 1617 558 1659 nc
574 1601 638 1678 quis
654 1598 857 1679 possessorum
874 1600 1082 1680 expelleretur.

84 1685 199 1762 Populo
209 1691 332 1762 praeter
345 1683 582 1743 frumenti-denos
599 1685 712 1745 modios
730 1703 766 1744 ae
779 1685 898 1747 totidem
917 1683 1085 1744 olei‘libras

84 1778 223 1827 trecenos
246 1784 362 1845 quoqne
377 1783 523 1843 nummos,
541 1785 615 1845 qnos
634 1769 781 1847 pollicitus
794 1769 861 1828 olim
880 1777 961 1843 erat,
978 1768 1084 1826 viritim
1171 1836 1177 1855 x

85 1851 192 1929 divisit,
209 1861 238 1911 et
253 1850 310 1911 boc
326 1851 446 1930 amplius
459 1859 597 1911 centenos
610 1868 664 1931 pro
678 1868 768 1911 mora.
793 1851 924 1932 bunnam
937 1851 1022 1910 etiam
1033 1849 1082 1909 ba·
1177 1856 1179 1861 ‘

48 1950 75 1991 ao
85 1936 251 1997 bitationem
265 1936 375 1995 Romae
391 1953 484 2033 usqqe
499 1934 534 1994 ad
549 1933 615 1995 bina
630 1935 707 1995 milia
721 1954 878 2012 nummum,
889 1935 920 1994 in
933 1934 1014 1993 ltalia
1026 1950 1084 2003 non

84 2020 158 2081 oltra
171 2022 332 2103 quingenos
346 2019 497 2079 sestertios
510 2019 629 2078 remisit.
659 2018 775 2091 Adiecit
795 2017 910 2098 epulum
931 2036 966 2079 ac
990 2018 1083 2076 visee-

82 2104 239 2178 rationem,
256 2112 284 2162 et
304 2112 370 2181 post
386 2102 609 2181 Hispaniensem
624 2104 774 2163 victoriam
792 2104 848 2163 dno
870 2102 1002 2182 prandia;
1018 2119 1084 2161 nam
1145 2105 1147 2110 “

84 2204 148 2247 cum
159 2190 238 2265 prins
247 2203 336 2265 parce
348 2204 442 2265 neque
452 2204 506 2265 pro
516 2186 691 2247 liberalitate
701 2206 752 2247 sna
764 2186 925 2266 praebitum
934 2185 1083 2260 iudicaret,

84 2271 269 2369 quippepost
278 2269 324 2329 die
341 2270 417 2330 alind
429 2270 619 2347 largissimum
634 2270 775 2350 praebuit
806 2271 904 2332 Edidit
915 2268 1084 2351 spectacula
1091 2273 1138 2327 39·

48 2352 300 2440 aerariigeperis:
312 2352 1084 2453 mnnnsgladiatorium‚ludosetiainregionatimurbe
1169 2360 1177 2425 f

82 2446 145 2499 tota
157 2446 186 2497 et
199 2432 313 2516 quidem
328 2455 381 2516 per
395 2440 517 2497 omnium
530 2438 690 2516 linguarum
705 2439 876 2515 histriones,
892 2440 959 2497 item
973 2438 1083 2496 circen·

83 2539 142 2597 ses,
160 2521 297 2599 athletas,
317 2521 520 2582 naumachiam.
553 2523 704 2583 blnnere
695 2541 723 2581 ιιι
744 2523 811 2582 foro
833 2485 1010 2600 depugnavit
1029 2520 1083 2578 tto-

81 2606 145 2665 rius
159 2606 296 2685 Leptinus
313 2606 403 2685 stirpe
419 2605 564 2684 praetoria
582 2614 611 2665 et
627 2607 663 2680 Q.
679 2604 842 2684 Calpenus,
861 2613 979 2664 senator
994 2619 1083 2679 quon·

83 2689 150 2749 dam
165 2698 306 2767 actorque
323 2707 482 2751 causarum.
510 2688 677 2763 Pyrrichum
692 2687 870 2748 saltaverunt
883 2687 973 2746 Asiae
989 2685 1083 2761 Bithr-

46 2796 73 2837 ao
84 2773 208 2850 uiaeque
234 2774 395 2851 principum
421 2772 514 2831 liberi.
557 2772 643 2831 Ludis
667 2771 804 2831 Decimus
830 2769 968 2830 Laberius
993 2787 1085 2849 eques

82 2857 230 2916 Romanus
245 2857 357 2917 mimum
373 2874 453 2917 suum
469 2856 544 2932 egit,
562 2856 742 2932 donatusque
758 2854 924 2933 quingentis
943 2856 1085 2913 sestertiis

83 2948 112 2998 et
136 2938 222 3000 anulo
245 2957 349 3016 aureo,
376 2956 488 2999 sessum
508 2940 536 2999 in
556 2938 783 3018 quattuordecim
804 2958 821 2997 e
838 2956 943 2999 scaena
959 2956 1013 3017 per
1038 2956 1084 2997 or·

83 3021 229 3082 chestram
243 3024 365 3083 transiit.
398 3022 600 3099 Circensibus,
618 3023 712 3100 spatio
730 3024 800 3082 circi
815 3022 851 3083 ab
865 3023 987 3100 utraque
1002 3032 1086 3100 parte

83 3104 227 3183 producto
249 3115 279 3166 et
297 3107 442 3183 ingyrum
463 3106 565 3184 euripo
577 3106 698 3181 addito,
720 3106 875 3185 quadrigas
897 3107 1040 3183 bigasque
1056 3112 1086 3163 et

46 3205 180 3266 esequos
202 3188 377 3249 desultorios
400 3191 581 3289 agitaverunt
606 3186 776 3249 nobilissimi
794 3191 925 3251 invenes
969 3190 1085 3249 Troiam

80 3272 153 3331 lusit
173 3281 265 3333 turma
281 3271 404 3353 duplex,
421 3274 558 3333 maiorum
574 3274 773 3374 minorumque
787 3292 952 3354 puerorum
989 3274 1084 3336 Vena·

81 3357 180 3416 tiones
197 3355 291 3417 editae
309 3376 362 3455 per
379 3358 441 3417 dies
457 3358 596 3436 quinque,
615 3374 650 3416 ae
664 3358 820 3418 novissime
835 3376 932 3457 pugna
948 3354 1064 3415 diuisa
1056 3371 1085 3409 m
1199 3351 1203 3356 '

80 3439 156 3499 duas
170 3432 267 3515 abies,
290 3442 442 3520 quingenis
458 3442 621 3521 peditibus,
642 3440 804 3522 elepbantis
821 3442 949 3517 vicenis,
965 3436 1085 3499 tricenis

124 3543 280 3585 consonans.
