2475 3775
532 185 701 236 ninneton.
1056 179 1103 268 ¹97
1159 225 1164 232 ,

80 312 84 320 ’
116 336 194 398 bivia
213 343 244 396 et
262 353 298 396 ea
319 336 440 401 conscio
454 334 571 398 'liberio
593 357 630 400 an
651 340 771 418 ignaro,
793 341 940 404 dictasset.
963 303 1102 404 'Tiberius

115 419 285 480 renuntianti
300 419 431 497 tribuno,
446 421 552 482 iactam
568 441 635 484 asse
650 424 727 502 qnod
740 427 926 506 imperasset,
941 443 1036 505 neque
1049 427 1102 487 im·

112 519 245 582 peram
264 520 299 565 ce
318 510 349 566 et
364 505 554 566 redditurum
567 525 635 570 eum
650 510 771 570 senatui
784 511 933 572 rationem
946 510 1102 588 respondit,
1120 567 1126 575 ,

115 587 249 648 invidiam
263 587 378 648 scilieet
390 589 419 648 iu
432 593 597 667 praesentia
613 593 714 652 vitans.
747 593 819 654 Nam
831 609 899 652 mox
915 592 1027 652 silentio
1041 611 1102 653 rem

92 671 288 731 sobliteravit.
322 670 387 731 lure
407 681 501 732 autem
521 673 688 736 tribuniciae
709 677 860 756 potestatis
881 683 982 735 coacto
1003 684 1145 738 senatu23
1225 725 1228 732 ,

114 754 306 832 inchoataquo
326 753 524 835 adinventione,
545 758 705 838 derepente
725 760 803 828 volut
822 761 913 839 impar
927 758 1019 820 dolori
1034 777 1101 819 con·

113 840 231 915 gemuit,
248 847 334 916 utque
347 820 406 934 uon
422 840 515 900 solnm
528 860 588 902 von
602 842 654 902 sed
668 851 698 902 et
709 845 823 922 spiritus
840 841 979 903 delineret
994 844 1103 923 optavit
1138 849 1189 921 (η
1203 813 1231 986 s

114 940 151 982 ac
169 921 377 1000 perlegendum
397 922 500 991 librum
518 925 614 984 Druso
634 926 693 988 filio
713 924 834 988 tradidit.
866 925 984 986 inlatum
998 926 1101 991 deinde

114 1005 238 1081 Augusti
253 1013 460 1084 testamentum,
476 1025 535 1068 non
549 1009 679 1070 admissis
691 1009 883 1086 signatoribus
896 1011 950 1071 nisi
965 1011 1103 1071 senatorii

77 1107 105 1149 ao
114 1087 239 1165 ordinis,
263 1091 371 1150 ceteris
392 1100 474 1153 esna
492 1092 597 1152 curiam
613 1093 695 1166 signa
711 1091 948 1170 agnoscentibus,
970 1094 1103 1154 recitavit

114 1190 170 1252 per
183 1171 325 1232 libertum.
356 1174 531 1236 Testamenti
551 1177 656 1234 initium
668 1175 735 1236 luit:
760 1174 912 1250 Quoniam
927 1182 1022 1239 atroce
1033 1177 1100 1255 for·

114 1264 189 1318 tuac
206 1254 318 1316 Gaium
329 1263 360 1318 et
374 1256 499 1319 Lucium
516 1259 599 1334 filios
617 1257 692 1318 milti
708 1259 835 1337 eripuit,
866 1259 1005 1322 Tiberius
1023 1259 1100 1320 eae

80 1343 89 1360 ‘
113 1357 171 1400 aar
192 1338 267 1400 mibi
285 1358 326 1400 em
342 1349 436 1419 perte
449 1340 575 1402 discidia
589 1345 619 1400 et
633 1347 774 1402 amicale
787 1342 876 1404 iteres
889 1349 963 1404 esim
993 1343 1057 1418 Quo
1074 1352 1103 1401 et

113 1424 179 1502 ipso
196 1432 280 1484 aucta
292 1422 415 1508 suspitio
432 1432 477 1484 est
489 1424 672 1501 opinantium,
689 1443 889 1487 successorem
902 1427 1021 1486 ascitum
1038 1444 1102 1486 eum

75 1527 103 1567 ss
111 1507 288 1568 necessitate
302 1509 396 1586 magis
407 1525 489 1586 mam
502 1505 623 1582 indiam,
641 1509 752 1588 quando
768 1511 807 1571 ita
823 1509 948 1589 praefari
960 1527 1017 1570 non
1037 1510 1117 1569 abs-¹

112 1592 236 1652 tinuerit.
721 1621 723 1624 ·

175 1673 379 1753 Principatnm,
405 1674 532 1749 quamuis
552 1692 647 1753 neque
666 1683 810 1756 occupare
833 1676 983 1738 confestim
1007 1681 1143 1754 nequent

26 1806 33 1812 .
112 1775 204 1835 agere
223 1751 395 1829 dubitasset,
418 1763 448 1813 et
464 1758 589 1816 statione
608 1759 743 1835 militum,
767 1759 823 1820 boc
845 1769 889 1820 est
909 1762 937 1820 vi
957 1768 988 1819 et
1000 1761 1100 1838 specie

111 1839 308 1903 dominationis
324 1847 486 1917 assumpta,
501 1839 548 1900 din
565 1849 659 1903 tannen
674 1843 836 1920 recusavit,
858 1842 1099 1921 impudentissimo
1112 1898 1117 1903 .

72 1929 197 1995 20mimo
213 1940 286 1983 nunc
301 1920 478 1983 adhortantis
492 1926 600 1985 amicos
615 1927 774 2005 increpans.
784 1936 813 1987 ut
825 1927 969 2006 ignarae,
986 1930 1101 2005 quantu
1171 1972 1183 1994 ,

111 2010 214 2073 bettea
228 2010 308 2065 esset
320 2005 493 2085 imperium,
514 2027 588 2069 nnnc
605 2018 771 2089 precantem
785 2018 911 2071 senatum
927 2018 956 2070 et
971 2026 1100 2087 procum-

109 2094 225 2153 bentem
247 2087 301 2149 sibi
320 2088 355 2149 ad
376 2106 471 2167 genna
492 2092 632 2171 ambiguis
653 2095 804 2173 responsis
824 2101 854 2153 et
870 2093 975 2155 callida
989 2101 1100 2153 cuncta·

109 2178 188 2237 tione
201 2172 395 2252 suspendens;
411 2182 441 2233 ut
455 2176 568 2253 quidam
581 2178 745 2255 patientiam
758 2186 923 2256 rumperent
934 2186 1019 2257 atque
1031 2193 1100 2236 nnus

108 2260 137 2319 io
152 2255 270 2317 tumultu
280 2254 488 2335 proclamaret:
503 2258 566 2321 Aut
578 2268 669 2340 aput,
688 2268 744 2322 aut
756 2260 903 2323 desistat!
915 2260 988 2323 alter
1005 2277 1101 2320 coram

56 2338 318 2424 'mexprobrarem
333 2349 460 2417 ceteros,
475 2344 552 2421 quod
566 2345 687 2423 polliciti
704 2346 760 2405 sint
775 2336 857 2429 tarde
874 2353 1033 2423 praestare,
1049 2341 1101 2401 sed

102 2426 219 2504 ipsum,
235 2421 311 2500 quod
326 2433 457 2502 praestet
471 2426 552 2487 tarde
567 2428 712 2507 polliceri.
738 2428 863 2490 Tandem
879 2427 960 2506 quasi
974 2434 1100 2499 coaetus,

108 2516 139 2569 et
160 2524 286 2587 querens
305 2506 451 2569 miseram
471 2516 501 2570 ct
518 2530 682 2573 onerosam
697 2512 816 2591 duiuapi
834 2510 895 2571 eibi
916 2509 1101 2595 cercitmem,

107 2591 223 2669 recepit
240 2592 402 2669 imperium:
422 2610 478 2652 nec
492 2602 586 2655 tameo
601 2595 694 2670 aliter,
710 2612 793 2674 quam
808 2603 838 2653 ut
859 2592 1053 2670 depositurum
1068 2606 1101 2649 se

107 2672 280 2753 quandoque
294 2692 377 2752 spem
391 2674 512 2735 lacerat.
526 2675 619 2754 Ipsius
633 2677 723 2738 verb'a
738 2684 816 2737 sunt:
838 2672 918 2735 Dum
928 2672 1047 2734 ueniam
1059 2670 1103 2733 ad
1218 2711 1225 2731 .

67 2758 144 2839 estet,
166 2765 300 2837 tempas,
313 2775 385 2843 ,quo
405 2756 495 2818 cobis
510 2776 639 2837 aequum
652 2760 755 2839 poenit
768 2756 869 2821 uideri
881 2756 958 2817 dare
971 2772 1028 2819 oca
1042 2756 1098 2818 ali-

106 2859 201 2923 quem
215 2841 362 2902 senectuti
372 2858 458 2901 meae
470 2841 613 2921 repedem.
631 2886 632 2891 η
838 2900 839 2903 ,

172 2922 330 2985 Cunctandi
353 2943 439 2985 causa
455 2934 518 2986 erat
540 2936 632 2986 metus
647 2926 770 3006 undique
787 2924 988 2987 imminentium
1002 2922 1142 2993 distri-25

106 3010 235 3085 mum,
252 3018 282 3068 nt
300 3024 390 3087 saepe
412 3006 516 3087 lupum
529 3027 564 3070 ae
578 3009 708 3071 auribus
723 3016 824 3071 tenere
837 3008 955 3069 diceret.
986 3006 1058 3069 Nam
1072 3014 1101 3067 et

108 3110 213 3153 servus
227 3091 378 3169 Agrippae
394 3090 529 3153 Clemens
541 3096 655 3155 nomine
670 3110 729 3153 non
742 3093 975 3157 contemnendam
990 3109 1100 3153 manum

69 3177 137 3239 asin
152 3165 291 3237 ultionem
306 3174 410 3235 domini
426 3186 616 3255 compararat,
633 3186 663 3237 et
676 3177 707 3238 b.
724 3176 890 3238 Scribonius
906 3176 976 3238 Libo
992 3177 1035 3235 vir
1049 3190 1099 3233 no-

107 3260 177 3320 bilis
191 3279 240 3321 res
254 3276 345 3321 novas
363 3259 434 3319 clam
449 3260 638 3338 moliebatur,
658 3270 687 3321 et
702 3259 809 3340 duplex
825 3258 1056 3321 seditic'militum
1073 3256 1101 3349 ip

107 3343 231 3419 Illyrico
248 3354 278 3404 et
291 3344 320 3402 in
335 3341 483 3403 Gennania
498 3354 599 3405 exorta
613 3354 668 3405 est.
696 3344 877 3422 Flagitabant
892 3341 974 3403 ambo
990 3353 1099 3431 exerer-

107 3436 156 3489 tus
170 3427 258 3489 multa
272 3432 354 3487 extra
371 3426 508 3507 ordinem,
524 3438 588 3493 ante
603 3430 697 3491 omnia
714 3438 743 3490 ut
760 3432 948 3565 aequarentapr
960 3418 1100 3501 stipendio
1208 3493 1211 3502 Ι

162 3532 316 3573 sententiis.
