2475 3775
338 175 340 180 .
422 119 539 186 *nurus
555 131 744 187 soousros
1059 123 1099 199 ῃΙ
1164 129 1167 134 ·

14 275 19 298 ’
110 294 139 348 et
153 287 212 346 sine
226 300 368 352 marmore
383 285 445 348 ullo
457 295 505 348 aut
516 287 622 364 insigni
633 287 796 365 pavimento
811 288 969 351 conobria.
979 287 1031 349 >Ac
1046 303 1100 368 per

112 381 197 432 annos
214 369 337 449 amplius
352 368 540 450 qradraginta
559 369 662 430 eodem
679 370 813 430 cubiculo
831 371 925 432 bieme
942 381 972 432 et
989 381 1100 433 aestate
1133 389 1135 393 ·

111 457 219 531 mansit,
232 453 363 533 quamvis
379 471 478 534 parurn
489 451 634 514 salubrem
649 452 797 517 ualitudini
810 450 879 514 suae
893 454 995 514 urbem
1005 454 1099 516 bieme

110 537 303 618 experiretur,
325 537 496 618 assidueque
518 537 550 596 in
567 537 639 598 urbe
659 535 809 598 hiemaret.
828 538 874 615 ¹Si
895 537 1008 616 quando
1033 538 1100 618 'quid

89 632 224 684 tseoneto
245 630 293 682 aut
307 622 369 682 sine
387 620 621 700 interpellatione
634 638 727 697 agere
741 621 959 700 proposuisset,
981 630 1043 680 erat
1058 620 1101 692 illi

110 701 189 776 locus
213 704 340 768 inedito
364 705 533 782 singularis,
558 718 646 782 quem
664 704 824 778 Syracusas
846 712 878 764 et
895 702 1101 785 technopbpon

109 789 247 851 vocabat:
256 789 312 850 buc
324 787 471 865 transibat,
484 795 531 852 aut
542 789 571 848 in
582 788 701 848 alieuius
713 788 882 852 libertorum
893 787 1098 868 suburbanum

109 881 317 952 aegerautem
339 871 369 932 in
393 871 478 935 demo
500 871 676 933 Maecenatis
698 870 842 956 cubabat..
866 871 913 932 Ex
933 869 1100 946 secessibus

13 1013 16 1017 .
110 951 264 1036 praecipue
281 955 476 1035 frequentauit
495 957 635 1018 maritima
652 955 817 1034 insulasque
840 953 1031 1035 Campaniae,
1053 962 1101 1027 aut

74 1053 100 1102 rt
109 1041 237 1122 proxima
251 1039 315 1102 urbi
331 1039 452 1120 oppida,
467 1037 631 1116 Lanuvium,
644 1037 817 1115 Praeneste,
832 1038 937 1116 libor,
952 1037 1001 1098 nbi
1015 1041 1100 1103 etiam

15 1131 18 1138 '
106 1126 139 1184 in
156 1123 315 1202 porticibus
333 1120 469 1186 Herculis
491 1123 590 1203 templi
613 1140 757 1203 persaepe
778 1124 823 1182 ius
839 1123 918 1202 dixit.
930 1134 935 1190 ζ
947 1121 1003 1183 Am
1024 1122 1102 1194 laet
1130 1126 1131 1129 ’

106 1206 231 1286 operosa
253 1207 398 1287 praetoria
413 1206 596 1284 gravabatur.
626 1205 665 1266 Et
678 1207 773 1284 neptis
788 1206 902 1284 quidem
916 1224 986 1267 suae
999 1140 1099 1282 briae,

105 1289 223 1370 profuse
248 1289 285 1352 ab
310 1309 345 1351 en
366 1297 514 1368 exausta,
541 1291 626 1354 etiarn
650 1289 734 1351 diruit
760 1289 927 1366 adsutum,
955 1305 1012 1350 sua
1027 1304 1099 1364 uero

106 1375 233 1454 quanm
254 1375 368 1436 modion
388 1391 446 1434 non
467 1383 523 1434 tam
546 1383 702 1437 statuarum
724 1372 948 1452 tabularumque.
959 1374 1099 1451 pictarum
1160 1421 1162 1425 ,

72 1473 96 1518 rs
106 1466 216 1534 ornatu,
232 1473 315 1538 ᾳιιιιιιι
327 1459 423 1534 ,xystis
439 1465 468 1520 et
482 1458 647 1520 nemoribus
660 1456 788 1516 excoluit
797 1455 943 1535 rebusque
955 1462 1099 1517 vetustate
1178 1465 1183 1480 ’

104 1559 140 1602 ac
153 1543 270 1604 raritate
285 1541 474 1603 notabilibus:
490 1542 585 1622 qualia
600 1550 666 1602 sunt
680 1539 801 1620 Gapreis
817 1541 976 1603 immanium
990 1537 1098 1602 tetua-

102 1641 166 1688 rum
184 1625 365 1705 ferarumque
382 1625 509 1688 membra
531 1625 739 1706 praegrandia,
755 1642 836 1702 ¹<purae
848 1623 980 1686 dicuntur
994 1621 1099 1702 urgan

103 1719 163 1770 turn
184 1726 252 1772 ossa
271 1715 302 1770 et
315 1707 540 1773 armalleroum.
567 1709 751 1788 instrumenti
771 1709 834 1768 eius
855 1716 886 1788 et
906 1708 1143 1790 supellectilis‘lt

103 1793 276 1872 parsimonia
296 1801 419 1875 apparet
441 1795 526 1854 etiarn
548 1811 625 1855 nuuc
641 1791 765 1852 residuis
778 1791 865 1852 lectis
883 1801 969 1875 atque
982 1793 1100 1867 mensis,
1150 1804 1153 1817 ·
1175 1852 1176 1861 ,

67 1890 94 1935 tt
104 1894 225 1957 qaorum
244 1877 385 1957 pleraque
408 1879 457 1940 rix
480 1878 610 1957 privatae
626 1875 789 1953 elegantiae
804 1875 870 1939 sint.
899 1875 944 1937 Ne
959 1884 1026 1935 toro
1041 1873 1104 1953 quie

103 1960 169 2024 dem
183 1960 318 2023 cubuisse
333 1964 411 2043 aiunt
423 1961 478 2023 nisi
494 1961 591 2021 humili
607 1970 637 2019 et
645 1958 767 2037 ,medea
779 1962 911 2024 instrato.
940 1961 1033 2026 Veste
1043 1975 1103 2017 non

11 2068 13 2087 ι
94 2046 215 2109 'terrere
236 2044 294 2107 alia
309 2052 393 2123 quatu
408 2044 567 2107 domestica
581 2062 650 2103 usus
664 2051 726 2122 est,
747 2042 783 2105 ab
799 2062 905 2106 sorore
922 2051 954 2104 et
966 2059 1058 2103 uxore
1073 2048 1103 2101 et

102 2128 163 2189 lilia
178 2128 369 2207 neptibusque
386 2129 536 2199 coniecta;
553 2129 633 2206 togis
644 2135 739 2207 neque
750 2129 894 2190 restrictis
906 2144 1003 2206 neque
1019 2124 1102 2200 lusis,

83 2212 189 2287 ,claro
204 2230 264 2273 uec
277 2212 335 2275 lato
350 2232 406 2275 nec
420 2222 560 2292 angusto,
582 2211 777 2274 calciamentis
795 2212 969 2291 altiuscolis,
989 2218 1020 2269 ut
1034 2225 1101 2288 pro·
1157 2285 1159 2288 Ι

65 2296 203 2357 ascerior
225 2313 308 2374 quam
331 2306 394 2362 erat
415 2298 571 2360 uideretur.
607 2294 646 2357 Et
666 2297 796 2358 forensia
815 2304 911 2357 autem
928 2304 958 2355 et
983 2293 1101 2355 calceos

100 2396 257 2457 numqaum
271 2396 330 2441 non
349 2381 422 2453 intre
444 2379 605 2449 cubiculum
623 2377 722 2443 babuit
741 2379 777 2439 ad
792 2379 905 2442 subitos
919 2380 1101 2457 repentinos·
1163 2425 1167 2433 ,
1209 2420 1219 2437 .

101 2480 160 2541 que
179 2480 265 2525 casus
280 2472 389 2543 parata.
428 2506 437 2529 0
542 2532 543 2541 χ
846 2477 849 2485 ·

145 2543 361 2609 Βοιιιίνιιὶιιιιιιι
384 2540 499 2609 assidue
524 2565 734 2625 necunquam
756 2548 811 2605 nisi
831 2555 928 2619 recta,
955 2560 1014 2602 non
1039 2536 1144 2601 sinete

98 2646 209 2707 magno
232 2630 362 2693 ordinruu
382 2630 587 2707 bominumque
607 2631 725 2691 dilectu.
753 2629 890 2691 Valerius
904 2624 1030 2686 llessala
1045 2624 1106 2701 traf'

61 2726 89 2773 ru
100 2712 160 2790 dit,
178 2717 320 2775 neminem
339 2732 472 2793 rrmquarn
483 2713 690 2778 ,libertinorum
709 2707 918 2773 auuuirun'atr
940 2726 977 2769 eo
994 2721 1102 2769 caenae

99 2806 232 2877 excepto
257 2798 359 2877 uena,
386 2796 439 2859 sed
461 2805 574 2862 asserto
595 2798 625 2855 in
645 2796 851 2872 ingenuitatem
871 2801 941 2873 post
959 2791 1102 2874 proditam

98 2882 187 2941 Sexti
201 2880 322 2961 Pompei
343 2882 476 2946 classem.
507 2878 576 2959 lpse
599 2879 716 2955 scribit,
736 2879 873 2939 invitasse
894 2894 928 2938 se
950 2875 1101 2955 quendam,
1134 2874 1146 2900 ⁸

97 2966 131 3025 iu
148 2965 230 3025 ouius
245 2966 315 3027 villa
329 2975 469 3045 maneret,
484 2966 532 3044 qui
549 2964 719 3044 speculator
732 2980 801 3023 suus
814 2962 882 3040 olim
894 2961 1008 3023 inisset.
1027 2947 1102 3020 Obn-
1117 2966 1120 2971 ’
1142 2967 1147 2978 ’

45 3056 47 3063 “
96 3048 180 3109 viria
200 3066 412 3129 nonnumquam
434 3059 464 3111 et
487 3049 580 3115 serius
600 3046 690 3109 inibat
712 3055 742 3106 et
757 3048 893 3116 mamrius
910 3043 1102 3123 relinquebat,
1149 3050 1152 3053 ’

59 3144 87 3189 se
98 3149 167 3191 cum
185 3135 328 3196 cornuae
349 3142 379 3194 et
398 3152 520 3195 caenare
541 3134 704 3213 inciperent
723 3130 804 3209 prius
817 3147 901 3209 quam
915 3130 967 3189 ille
981 3128 1101 3187 discum·
1175 3144 1179 3147 ·

95 3214 207 3293 beret,
224 3226 254 3277 et
269 3226 472 3297 permanerent
488 3216 623 3295 digresso
640 3233 689 3287 eo.
722 3213 848 3277 (laenam
863 3215 954 3275 ternis
970 3209 1102 3283 ferculis,
1132 3247 1135 3251 ι

96 3308 149 3361 aut
172 3318 246 3361 enm·
259 3300 594 3364 abundantissimesenis
609 3298 785 3380 praebebat,
801 3308 840 3359 ¹ut
854 3316 912 3360 non
926 3296 1014 3357 nimio
1029 3308 1101 3351 snm·

94 3392 168 3463 pto,
185 3381 224 3446 ita
238 3403 347 3445 summa
365 3388 508 3447 comitate.
536 3384 563 3445 N
565 3404 609 3445 arn
625 3393 655 3447 et
668 3384 704 3445 ad
720 3384 948 3445 communionem
963 3372 1104 3436 sermonis
