2475 3775
230 162 344 211 LXXIV,
570 160 775 211 rumusculo.

233 321 326 377 tonius
342 322 387 379 ite
405 328 516 379 secutus
538 327 597 389 est,
621 326 651 374 ut
665 319 741 375 uiros
761 321 845 375 rebus
864 320 976 377 bellicis
998 322 1133 395 civilique

233 404 337 461 virtute
355 406 447 462 cleros
469 398 671 474 excluderetV)
692 408 721 457 et
741 404 820 459 solos
837 419 902 472 eos,
924 404 970 475 qni
986 404 1087 463 litteris
1100 408 1133 462 id

237 496 281 545 est
297 489 379 545 libris
401 483 559 543 scribendis
583 486 793 554 incluserumt,
810 485 1052 561 perscriberctV).
1098 490 1134 545 Et

231 579 364 643 quautam
383 571 507 629 iudicare
528 569 612 625 bodie
629 570 712 633 licat,
730 585 801 641 opus
820 570 945 629 condidit
967 572 1020 627 lide
1035 573 1131 629 brevi-

235 663 292 711 tute
308 670 453 725 rerumque
469 653 603 709 varietate
619 652 661 706 sic
677 653 831 720 excellens,
846 659 876 707 ut
891 668 946 709 non
961 655 1132 711 mediocrem

231 740 377 795 doctorum
391 737 528 794 hominum
542 736 668 807 plausum
686 735 780 791 lerret.
810 735 877 791 llum
888 742 917 791 et
926 737 1131 808 integrssnou-

232 838 377 891 numquam
394 820 465 875 vitus
487 819 550 885 iude
566 820 713 889 decerptus
734 819 878 875 codicibus
896 827 1041 890 posterum
1057 822 1129 877 alio-

232 920 347 975 rumque
365 903 532 975 scriptorum
553 908 783 958 commentatores
811 903 939 958 solebant
962 905 1129 976 prosiluere,

232 995 262 1043 et
276 986 462 1057 Hieronymus
477 985 685 1053 stridonensis,
706 985 754 1055 qui
775 986 811 1041 de
832 986 1002 1043 doctissimis
1023 989 1131 1045 veteris

234 1070 373 1125 ecclesius
394 1069 556 1125 doctoribus
577 1069 644 1137 luit,
664 1068 805 1124 mussites
826 1069 895 1125 tenti
911 1070 996 1140 lecit,
1022 1077 1051 1126 ut
1074 1087 1131 1127 nou

232 1154 316 1209 modo
332 1171 357 1209 a.
375 1160 427 1213 380
451 1152 479 1205 iu
495 1150 685 1207 convertendo
706 1151 889 1222 augendoque
911 1152 1026 1210 Eusebii
1047 1155 1131 1212 obro-

233 1236 297 1292 uico
315 1238 413 1293 multas
430 1236 494 1291 iude
510 1235 662 1306 particulas
676 1232 1064 1309 ‘curiosissime-excerptas'
1081 1239 1131 1295 ad-

233 1319 379 1390 misceret,
394 1319 445 1375 sed
462 1318 544 1373 ctiam
560 1324 654 1377 a.‘392
668 1318 696 1373 in
708 1318 903 1388 catologosne
920 1321 1131 1377 coclesicstico-

234 1418 292 1459 rum
308 1404 475 1475 scriptorum
490 1402 681 1473 componendo
696 1403 768 1456 bunc
787 1401 958 1472 potissimum
970 1421 1053 1475 quem
1068 1404 1131 1459 imi-

233 1492 338 1541 teretur
354 1488 451 1560 ducem
465 1491 495 1539 et
515 1486 669 1555 exemplum
688 1484 743 1539 sibi
764 1491 892 1540 sumeret.
937 1486 1063 1558 Denique
1079 1487 1131 1542 sli-

234 1574 301 1639 quot
315 1570 431 1640 paginas
445 1568 505 1623 eius
515 1567 610 1639 operis
623 1568 746 1637 integrus
762 1584 834 1623 cauo
849 1568 962 1624 circiter
976 1576 1042 1629 1452
1053 1570 1131 1627 Enoc

234 1651 389 1710 Asculanos
406 1668 441 1707 ex
458 1651 619 1709 Germaniae
635 1650 760 1721 partibus
775 1650 805 1705 iu
818 1650 924 1708 ltsliam
939 1654 1041 1709 ettulit.
1084 1653 1130 1709 Li-

235 1734 336 1791 bellum
359 1736 430 1791 euim
450 1735 486 1793 de
508 1734 697 1792 Grammaticis
719 1738 748 1789 ct
771 1734 931 1806 rhetoribus
953 1736 1132 1808 superstitem

234 1818 299 1875 iibri
314 1820 348 1875 de
358 1818 433 1875 Viris
450 1818 604 1875 illustribus
621 1816 782 1890 particulam
796 1833 877 1886 esse,
897 1826 925 1874 et
940 1820 1031 1876 statim
1047 1800 1129 1875 iutel-

234 1903 335 1960 lectum
350 1911 408 1972 est,
428 1909 458 1958 ut
473 1921 488 1960 a
507 1903 628 1958 Po'ntauo
643 1919 670 1973 p.
685 1907 750 1972 288,
769 1906 797 1956 et
811 1901 972 1972 Hieronymi
987 1904 1132 1975 excerptis

232 1985 339 2044 abunde
355 1988 537 2043 confirmetur.

298 2071 393 2139 ltaque
422 2059 546 2140 speciem
570 2085 670 2124 eorum
699 2068 832 2123 librorum
861 2083 1030 2124 communem
1056 2070 1130 2125 banc

233 2154 320 2208 luisse
341 2151 434 2217 dicas,
460 2157 490 2206 ut
512 2150 539 2204 iu
562 2150 733 2219 singulorum
755 2150 910 2221 principiis>
923 2153 1074 2208 Suetonius
1094 2154 1132 2208 de

234 2240 292 2290 crte
309 2235 354 2288 vel
371 2232 517 2302 discipline
535 2237 689 2302 exponeret
702 2233 833 2290 nonnulla
853 2234 1036 2304 coniunctim,
1056 2251 1130 2306 quae

223 2359 435 2375 ——tw—-tffl

232 2431 263 2482 de
283 2429 411 2492 Tarquitio
431 2430 481 2478 iam
497 2427 525 2477 G.
546 2429 566 2480 Ι,
585 2427 693 2477 Vossius
707 2424 770 2478 bene
783 2429 909 2494 exposuit.
946 2428 1131 2491 Antiquissima

232 2499 353 2550 memoris
371 2495 438 2562 apud
457 2496 598 2561 Vergilium
620 2504 703 2545 exstat
718 2497 861 2548 Getulecton
877 2499 908 2556 7,
926 2497 943 2555 3
960 2499 1016 2546 sive
1031 2497 1131 2546 Antho-

232 2571 316 2635 logise
330 2565 423 2630 Meyer.
448 2579 489 2614 no.
502 2565 545 2616 90.
1077 2592 1080 2595 -

300 2650 346 2716 56)
376 2653 403 2701 ld
423 2661 448 2704 et
471 2649 616 2712 Hieronymi
635 2650 712 2699 verbe
734 2658 758 2698 et
779 2651 836 2715 ipss
859 2649 1003 2714 lrsgrnems
1026 2649 1128 2699 docent.

232 2723 325 2772 iniuria
342 2721 420 2784 igitur·
437 2721 490 2773 loco
509 2735 534 2786 p.
550 2717 608 2776 283,
626 2716 639 2770 l
661 2719 704 2782 qui
721 2718 752 2768 de
765 2718 881 2768 Ventidio
898 2718 977 2767 Besso
996 2724 1035 2766 est
1048 2717 1130 2766 Vine-

230 2797 272 2838 tus
298 2798 323 2837 et
348 2789 391 2836 ulii
414 2789 487 2838 abusi
510 2795 584 2845 sunt,
617 2796 644 2837 ut
670 2787 701 2835 de
729 2786 833 2836 ducibus
861 2800 961 2848 quoque
988 2784 1129 2834 illustribus

231 2856 323 2904 librum
343 2854 423 2906 luisse
440 2855 628 2922 persuaderent.
656 2853 739 2904 Nede
758 2855 860 2920 regibus
875 2853 975 2917 quidem
991 2852 1083 2902 librum
1101 2852 1129 2900 iu

149 2958 150 2968 ,
232 2923 372 2972 illustribus
391 2923 479 2984 luisse,
498 2925 567 2973 locus
586 2923 693 2973 Ausonii
706 2921 815 2972 declaret
830 2921 898 2970 inire
916 2937 942 2986 p.
957 2919 1017 2977 30³,
1039 2920 1072 2973 lo
1091 2921 1130 2969 ul·

230 2991 308 3042 latus.
344 2989 380 3038 De
389 2991 457 3040 Viris
476 2992 621 3050 illustribus,
637 2992 679 3053 qui
696 2989 772 3038 Plinii
789 2990 890 3041 nomine
907 2987 1129 3050 circumieruutur,

231 3056 353 3108 Suetonio
372 3059 471 3110 tributis
489 3057 557 3108 inira
573 3073 590 3123 p
617 3059 660 3110 cll
678 3073 718 3121 sq.
738 3058 829 3110 dicum.

298 3124 346 3188 57)
364 3124 563 3191 Scriptorum
588 3125 723 3175 illustrium
740 3127 823 3191 potius
840 3141 916 3190 quam
930 3127 1049 3176 Virorum
1068 3126 1128 3175 illu-

229 3194 321 3246 strium
338 3194 415 3245 libros
433 3195 567 3260 inscriptos
585 3193 666 3244 luisse
680 3194 786 3242 Vinctus
801 3195 968 3247 arbitrabatur
983 3193 1071 3258 (isque
1087 3195 1129 3244 sui

231 3263 288 3328 ipse
313 3263 457 3322 immemor,
482 3262 524 3324 qui
543 3262 574 3312 de
591 3261 703 3312 Ducibus
720 3275 819 3324 quoqne
838 3264 929 3315 librum
947 3261 1089 3325 statuisset)
1102 3271 1129 3312 et

230 3329 395 3380 Gessubonus
409 3329 486 3378 libros
501 3329 619 3380 Virorum
637 3331 668 3378 in
687 3329 810 3380 litteris
825 3331 961 3383 illustrium
978 3329 1126 3395 appellarit,

231 3407 336 3465 uterque
353 3399 502 3462 Hieronymo
517 3404 541 3445 et
558 3397 638 3448 Suide
654 3398 749 3447 inritis.
