2475 3775
22 133 23 208 ἕ
133 165 198 228 ato
221 175 250 226 c.
268 135 419 224 sonuoru
435 171 562 233 renuo.
575 170 624 220 ne
641 172 724 221 vrrs
741 153 925 220 cusssnuni
941 173 1009 248 ure,
1022 173 1096 222 vrrr.

318 264 320 276 ,
966 268 977 302 ,
1088 261 1089 266 =

22 280 23 286 ¹
106 306 109 311 .
285 301 288 306 ‹
802 282 811 306 b

22 326 23 365 ³
101 342 104 355 ¹
134 348 215 392 more
232 328 336 389 veteri
371 324 670 389 Nam'cum'bculatis
688 327 848 405 sororibus,
863 325 932 388 item
946 325 1125 410 llarrouillae

134 415 255 476 liberum
274 413 374 473 mortis
392 413 571 492 permisisset
591 411 743 472 arbitrium
759 419 1008 491 corruptoresque
1031 430 1124 474 earum
1146 407 1151 411 ’

101 554 110 564 .
132 496 312 576 relegasset,
336 513 405 556 mox
427 494 592 557 Corneliam
615 491 767 557 maxumam
788 497 944 574 virginem,
967 495 1124 571 absolutam
1200 537 1212 570 a

134 583 214 661 olim,
232 581 299 657 dein
313 581 403 658 longo
414 579 573 657 ¹interuallo
584 581 739 659 repetitam
753 589 840 658 atque
854 583 1018 644 convictam
1029 579 1123 640 defodi

132 667 295 746 imperavit,
313 671 553 744 stupratoresque
568 665 661 740 virgis
677 665 707 724 iu
720 655 838 724 comitio
855 663 894 726 ad
909 680 1011 724 necem
1033 663 1143 742 caedi,5

134 758 261 828 excepto
275 751 425 827 praetorio
440 751 519 817 viro;
537 748 593 825 cui,
611 747 696 808 dubia
713 749 871 808 etiamtum
887 765 974 808 causa
990 757 1020 808 et
1034 749 1123 808 incer·

132 832 171 894 tis
185 824 404 913 quaestionibus
419 842 506 911 atque
518 833 669 892 tormentis
683 829 719 893 de
736 840 828 892 seruat
845 831 994 910 professo,
1011 832 1125 892 exilium
1217 839 1218 842 ’

132 913 259 978 indulsit.
296 917 342 974 Ac
362 933 398 975 ne
420 933 477 993 qua
497 915 707 992 religiodeum
729 917 844 994 impune
874 917 1124 992 contaminaretur,

132 1003 344 1073 monimentum,
362 999 439 1077 quod
452 998 573 1058 libertus
593 999 656 1058 eius
678 1019 695 1058 e
713 997 858 1082 lapidibus
878 999 988 1080 templo
1011 999 1124 1078 (lapito-

73 1125 78 1135 ·
120 1074 183 1144 lini
198 1082 282 1160 lovis
300 1079 450 1142 destinatis
465 1083 525 1143 lilio
541 1092 739 1162 exstruxerat,
756 1082 841 1143 diruit
864 1101 918 1162 per
938 1083 1060 1160 milites,
1072 1102 1123 1166 tos·
1133 1096 1155 1140 tu

133 1183 224 1244 saque
239 1174 270 1224 et
286 1165 425 1244 reliquias
441 1168 642 1245 quae-inerunt
657 1169 727 1228 mari
746 1169 856 1238 mersit.
966 1231 971 1245 x
1056 1219 1059 1223 .

103 1257 122 1312 9
142 1296 144 1299 -
192 1248 272 1310 Inter
284 1248 364 1310 initia
378 1268 469 1329 usque
483 1251 560 1311 adeo
573 1251 610 1311 ab
626 1253 702 1312 omni
720 1251 810 1312 caede
827 1249 1017 1328 abhorrebat,
1034 1259 1064 1311 ut
1076 1249 1124 1312 ab·

131 1342 221 1394 sente
232 1332 324 1393 adbuc
339 1343 422 1413 patre
436 1335 606 1397 recordatos
625 1335 743 1413 Virgilii
761 1353 889 1395 versum:

215 1414 319 1497 Impia
333 1435 425 1496 quom
441 1417 543 1479 eaesis
554 1409 631 1497 petas
645 1425 692 1478 est
706 1416 836 1503 epulata
846 1418 993 1492 iuuencis,

132 1501 249 1563 edicere
266 1502 432 1579 destinarit,
447 1521 491 1562 nc⁸
504 1502 598 1562 bores
612 1501 850 1580 immolarentur.)
869 1501 1037 1580 cupiditatis
1055 1513 1158 1579 qao-1⁵

42 1632 46 1644 .
131 1588 188 1665 que
202 1594 290 1663 atque
303 1586 442 1658 avaritiae
462 1588 512 1646 vix
532 1587 719 1665 suspitionem
740 1586 826 1647 ullam
846 1595 894 1646 aut
917 1589 1042 1666 privatus
1065 1603 1125 1644 um
1163 1599 1166 1606 ’

95 1743 103 1749 .
132 1687 217 1748 quam
230 1677 278 1728 aut
292 1657 431 1748 prindeps
447 1661 611 1749 aliquandiu
628 1669 723 1748 dedit,
747 1672 832 1730 immo
852 1689 868 1728 e
886 1669 1003 1730 diverso
1021 1685 1126 1744 magua

130 1770 222 1831 saepe
236 1751 499 1824 nonvabstioentiae
513 1754 600 1816 modo
630 1753 682 1814 sed
706 1757 791 1815 etiam
816 1753 997 1828 liberalitatis
1011 1754 1127 1832 experi-

130 1845 236 1920 menta.
275 1836 375 1899 Omnis
397 1839 476 1899 cirea
492 1857 530 1899 se
544 1836 719 1915 'largissime
749 1847 938 1917 prosecutus,
958 1835 1027 1898 nibil
1047 1837 1128 1917 prius

129 1930 179 1983 uut
200 1922 295 1982 acrius
314 1925 423 1982 monuit
442 1940 582 2001 quamne
605 1922 673 2001 quid
691 1922 808 1983 sordide
823 1924 965 1983 iacerent.
995 1920 1161 1983 meliorare

59 2044 62 2047 -
129 2004 186 2063 sibi
202 2003 390 2065 hereditates*
394 2004 431 2065 ab
444 2008 495 2082 iis,
502 2006 611 2085 'qulbus
631 2007 715 2066 liberi
730 2016 825 2084 erant,
841 2024 899 2066 non
913 2006 1036 2084 recepit.
1073 2004 1127 2071 ber

129 2095 227 2165 gutum
241 2090 328 2147 etiam
341 2107 379 2147 err
392 2098 564 2148 testamento
581 2089 670 2150 liusei
690 2088 864 2169 Caepionis,
884 2092 936 2170 qui
959 2098 1079 2149 caveret
1094 2096 1127 2149 ut

130 2157 214 2246 quot
227 2170 309 2230 annis
335 2171 563 2258 ingredientibus
589 2176 697 2261 supp-m
718 2174 900 2247 senatoribus
922 2158 1029 2233 cerl'a‘m
1052 2190 1127 2233 sunr-

36 2251 40 2258 '
129 2254 203 2311 main
219 2252 323 2331 viritim
338 2262 501 2336 praestaret
514 2254 600 2314 heres
616 2275 683 2317 suus
716 2258 825 2319 irritum
842 2258 921 2318 iecit.
955 2254 1037 2317 Reos
1077 2256 1127 2336 qui

73 2381 77 2389 .
129 2343 196 2397 ante
217 2335 438 2415 quinquennium
459 2333 620 2417 proximuni
634 2296 715 2419 'apld
735 2344 876 2403 aerarium
885 2348 893 2411 j*
905 2302 1127 2441 pependilbonq
1137 2352 1161 2393 re

128 2420 462 2495 uniuersos-discrimine
479 2418 635 2500 biensis,
659 2442 714 2485 nec
736 2419 907 2505 fepeti'lrisi
927 2421 1128 2485 rutraannum

128 2522 222 2583 eaque
238 2502 403 2565 conditione
424 2508 568 2592 permisit,
588 2515 620 2567 ut
637 2511 805 2587 accusatori
814 2508 994 2588 quibausam
1009 2526 1068 2569 non
1085 2516 1128 2568 te·

127 2598 216 2669 neret
225 2590 343 2651 exilium
358 2608 454 2669 poena
472 2600 562 2662 esset.
597 2591 715 2657 Scribas
732 2594 915 2673 quaestorios
936 2594 1127 2669 negotiantis,
1217 2648 1218 2661 ,

104 2687 167 2730 ·ex
182 2673 389 2749 consuetudine
405 2674 458 2734 sed
473 2684 576 2751 contra
586 2668 717 2737 clodium
732 2668 841 2754 leffelu,
856 2678 942 2737 venia
952 2679 981 2736 in
994 2685 1128 2755 praeter·
1198 2686 1218 2745 ,¹

126 2755 197 2811 itunr
219 2756 344 2818 donavit.
379 2757 548 2837 subsiciva,
577 2774 652 2838 quae
673 2760 773 2823 diuisis
790 2777 844 2839 per
866 2770 1023 2821 veteranos
1046 2760 1162 2836 cgristo

128 2837 250 2912 carptim
264 2842 483 2919 superfuerunt,
499 2843 647 2903 veteribus
668 2834 891 2923 possessoribus
912 2853 942 2905 ut
964 2862 1016 2903 usu
1041 2850 1130 2923 capta

128 2922 284 2981 concessit.
318 2924 450 3006 Fiseales
464 2926 627 2987 ‘calumnias
647 2927 1004 3005 maqna'calumniautium
1029 2943 1131 3005 poena

125 3004 285 3082 repressit,
306 3006 511 3089 ferebaturque
532 3011 689 3071 roseius:
715 3010 866 3090 Princeps
888 3012 942 3091 qui
965 3010 1131 3072 delatores

113 3104 188 3148 ,coa
202 3086 346 3165 obstipet,
361 3091 475 3154 irritat.
659 3110 663 3117 '
823 3142 825 3149 .
1092 3160 1094 3165 ,

84 3175 120 3227 10
190 3170 248 3229 Sed
272 3169 368 3250 n'eque
388 3174 610 3238 inclementiae
629 3192 723 3256 neque
752 3178 996 3239 inabstinentiae
1020 3186 1166 3237 tenorem

126 3254 299 3332 permensit,
314 3264 345 3313 et
360 3257 454 3317 tamen
468 3260 613 3338 aliquanto
631 3261 755 3321 celerius
771 3259 807 3322 ad
829 3264 979 3323 saevitiam
1001 3260 1134 3342 desciuit

126 3354 211 3413 quum
230 3335 267 3398 sd
289 3339 483 3418 cupiditatem.
517 3342 696 3426 Discipulum
712 3344 822 3409 Paridis
841 3330 1132 3425 ⁸paplbrrrimf'i'mpn-

124 3416 225 3480 berem
246 3421 338 3512 &1¹2⁰
359 3432 387 3483 et
408 3442 472 3485 oum
492 3429 613 3515 manime
633 3429 770 3507 aegrum,
795 3430 873 3507 quod
893 3410 955 3489 arbe
971 3429 1133 3513 formaque
