2475 3775
246 64 256 92 t

137 134 198 196 194
221 144 252 194 ι.
265 145 415 194 sonnonr
431 143 558 205 nonno.
576 144 624 192 ιιι
640 145 722 192 mun
741 143 924 210 cassanen
940 144 1009 192 ιιι.
1021 144 1068 192 ιι.

135 301 264 380 quentia,
277 301 328 360 rix
338 304 476 378 repertae
488 297 625 378 Capitolii
639 298 752 361 claves:
780 296 850 360 Cum
862 299 900 362 ex
913 300 1043 359 oratione
1054 300 1128 377 eius,

137 402 192 463 qua
205 386 234 444 in
246 383 399 445 Vindicem
410 382 576 462 perorabat,
587 384 759 446 recitaretur
769 383 917 460 insecatur,
931 380 1127 462 datuiospoe·

134 487 187 529 nas
199 468 362 529 sceleratos
374 486 411 529 ac
422 466 505 527 breui
517 467 633 544 dignum
646 467 751 527 exitum
763 467 902 544 facturos,
921 465 1127 527 conclamatum
1144 477 1153 496 “

135 561 180 614 ιιι
204 552 241 614 ab
260 553 421 612 universis:
450 549 495 611 Τιι
511 550 632 629 facies,
655 547 811 630 Aequaret
841 549 1032 612 Observatum
1044 552 1127 612 ιιιιιιι

4 702 5 711 ,
133 637 244 715 iuerat,
257 654 443 698 nourssrmam
454 633 580 697 tabulam
592 644 727 696 cantasse
738 653 803 700 eum
815 633 932 714 publice
948 632 1150 788 Oedipodem5

4 746 6 777 ι
67 750 71 753 -
134 721 252 783 exulem
263 730 349 800 atque
364 719 462 780 mboc
474 718 587 780 desisse
598 738 702 781 versu
1116 755 1119 760 v

4 796 7 871 s
166 853 172 860 .
233 793 408 883 Θαιιεῖιιιί
428 793 538 882 ἄνωγε
559 795 747 882 σύγγαμος,
769 793 894 900 μήτηρ,
917 793 1035 884 πατήρ.

4 936 5 947 ,
91 897 125 951 at
198 889 354 950 Nuntiata
345 888 457 948 iuterim
475 889 561 946 etiarn
578 897 744 946 ceterorum
758 886 937 949 exercituum
951 885 1126 962 deiectione,

135 974 247 1034 litteras
258 971 408 1051 prandenti
421 970 476 1031 sibi
489 971 616 1031 redditas
636 972 814 1050 concerpsit,
835 987 971 1032 mensam
979 969 1126 1055 subvertit,

135 1057 209 1118 dnos
220 1056 351 1134 scyphos
361 1055 606 1132 gratrssrmrusus,
614 1073 694 1133 quos
703 1054 885 1118 Homeriosa
903 1054 1048 1118 caelatura
1066 1071 1125 1114 oar-
1137 1068 1159 1114 ιι
1235 1053 1236 1130 i

133 1142 239 1201 minum
249 1140 369 1199 Homeri
380 1137 521 1216 vocabat
536 1139 602 1200 eolo
611 1139 715 1217 robert
733 1157 768 1200 ac
783 1146 898 1238 sumpto
918 1139 1067 1201 abucusta
1078 1155 1127 1196 ve
1235 1141 1236 1156 ¹

133 1239 210 1284 neno
226 1225 295 1283 etin
308 1241 423 1284 auream
443 1185 579 1301 pyxidem
598 1223 727 1300 condito,
746 1223 884 1283 transiit
874 1242 904 1283 ιι
917 1217 1020 1282 ιόιιοι
1032 1221 1128 1280 Serri-

134 1309 239 1385 lianos,
250 1307 308 1384 uhi,
321 1307 489 1386 praemissis
500 1307 669 1369 libertorum
681 1306 826 1370 fidissimis
839 1305 948 1368 Ostiam
960 1305 998 1367 ad
1005 1306 1129 1366 classem
1235 1297 1236 1352 i

135 1391 373 1471 praeparandam,
386 1390 517 1463 tribunos
530 1391 772 1489 contritionesque
785 1392 923 1470 praetorii
935 1389 971 1450 de
983 1390 1069 1466 fugae
1082 1405 1129 1448 so·
1235 1453 1236 1484 ,

4 1518 6 1525 ,
135 1477 240 1536 oretate
250 1478 412 1555 temptavit
440 1474 500 1536 Sed
512 1475 616 1555 partun
628 1474 906 1552 tergiversantibus,
915 1476 1017 1553 parurn
1029 1481 1130 1552 aperte
1140 1489 1163 1530 ιι
1235 1481 1236 1558 q

4 1572 6 1581 ’
102 1576 107 1583 ·
135 1559 372 1636 detrectantibus,
385 1576 527 1619 unovero
547 1560 633 1619 etiam
651 1558 867 1637 proclamante:
891 1557 993 1637 Usque
1012 1556 1131 1624 adeone
1235 1559 1236 1636 i

4 1652 6 1707 ζ
50 1711 54 1719 ,
134 1643 374 1704 mori-miserum
387 1645 457 1704 est?
473 1661 554 1703 uarie
566 1644 696 1718 agitaruut,
706 1640 868 1706 Parthosne
881 1659 916 1702 an
934 1642 1069 1703 Galbam
1062 1659 1130 1718 sup·
1235 1639 1236 1648 ’

136 1727 207 1806 plen
219 1736 343 1807 peteret,
357 1747 393 1789 an
407 1735 516 1788 atratus
529 1724 664 1825 prodiret
679 1727 707 1785 in
725 1725 872 1804 publicum
891 1745 1004 1806 proque
1025 1726 1131 1786 rostris

136 1821 241 1893 quanta
252 1813 374 1872 maxima
385 1820 488 1891 posset
499 1811 685 1872 miseratione
698 1811 810 1870 veniam
822 1813 1045 1890 praeteritorum
1064 1827 1131 1889 pre·
1235 1867 1236 1878 ,

136 1906 262 1973 caretur,
275 1916 316 1958 ac
324 1916 354 1955 ιι
345 1897 497 1957 demsset
507 1913 629 1978 aquinos
638 1895 686 1954 vel
698 1894 828 1976 Aegypti
837 1896 1050 1975 praefecturam
1061 1912 1132 1959 con
1120 1910 1166 1949 -ιι

137 1981 202 2041 cedi
218 1980 273 2044 sibi
292 1992 400 2042 oraret
429 1981 566 2041 Inventus
584 1988 631 2039 est
648 1988 751 2057 postea
769 1980 798 2038 in
817 1980 923 2039 scrinio
941 1982 1001 2039 eius
1021 1980 1076 2038 bac
1094 1977 1133 2037 de
1235 1986 1236 2027 ἐ

136 2083 169 2122 ιι
181 2082 277 2123 sermo
294 2065 450 2133 formatum
471 2062 523 2124 sed
540 2062 707 2129 deterritum]
727 2072 834 2143 putant,
849 2082 887 2123 ne
903 2064 983 2143 prius
1001 2081 1084 2149 quam
1102 2063 1133 2121 ιιι

136 2145 230 2207 forum
242 2148 647 2225 perveniretdiscerperetur
739 2156 743 2164 “
966 2172 969 2182 «

171 2230 249 2288 Sic
260 2229 437 2306 cogitatione
455 2232 484 2290 ιι
501 2237 650 2309 posterum
668 2230 742 2289 diem
763 2230 867 2315 dilata,
875 2230 1049 2292 admediana
1067 2213 1133 2288 iere

135 2322 252 2374 ιοιιιιιι
269 2314 427 2391 excitatus,
443 2324 474 2373 ut
496 2316 637 2412 comperit
656 2306 806 2373 stationem
822 2312 939 2381 militurn
958 2313 1169 2389 recessissent

132 2396 271 2478 ‘prosiluit
283 2414 299 2455 e
310 2396 390 2457 lecto
400 2399 535 2477 misitque
548 2400 656 2459 circum
672 2399 792 2495 amieos,
805 2407 834 2457 et
853 2400 918 2475 quia
936 2396 1005 2457 ninil
1025 2416 1041 2457 a
1061 2413 1133 2475 quo·

138 2500 221 2562 quam
232 2481 481 2581 renuntiabatur,
473 2500 539 2561 lpse
548 2499 612 2541 cum
620 2484 720 2560 paucis
728 2481 853 2561 hospitia
866 2482 1045 2561 singulorum
1050 2480 1133 2541 adiit.

136 2570 245 2629 Verum
258 2566 365 2643 clausis
377 2567 500 2626 omnium
514 2565 637 2643 toribus,
650 2565 847 2646 respondente
864 2566 976 2643 nullo,
968 2585 997 2625 ιι
1005 2564 1133 2625 cubicu-

136 2652 194 2711 lum
205 2649 298 2728 rediit,
310 2650 453 2712 undenam
460 2650 633 2712 etoustodes
641 2648 820 2727 drffugeraut
825 2648 953 2728 direptis
961 2652 1047 2712 etiam
1059 2658 1132 2709 stra-

137 2734 225 2810 gulis,
237 2744 331 2796 amota
339 2745 373 2795 ιι
385 2735 491 2815 pyxide
503 2736 623 2803 veneni;
642 2751 676 2794 ac
695 2736 790 2799 statim
807 2734 955 2812 Spiculum
974 2732 1170 2809 myrmillo-so

137 2833 202 2874 nem
220 2818 267 2875 uel
288 2819 444 2918 quemlibet
456 2819 541 2880 aliurn
560 2833 793 2896 percussorem,¹
809 2818 889 2877 cuius
908 2836 992 2878 manu
1010 2818 1134 2897 periret,

137 2900 277 2976 requisiit,
289 2900 318 2959 ιι
333 2904 594 2982 neminereperto,
614 2898 700 2980 Erpa
716 2919 787 2981 eqo,
806 2903 912 2999 inquit,
929 2920 987 2961 nee
1000 2901 1137 2964 amictam

137 2979 237 3041 babeo
254 3001 311 3042 nec
323 2984 500 3048 inimicum?
514 2988 733 3065 procurritque,
751 2987 831 3064 qnasi
845 2986 1087 3064 praecipitaturus
1100 3002 1137 3043 se

96 3066 166 3127 48in
178 3064 313 3125 Tiberim.
347 3070 406 3129 Sed
422 3079 562 3130 revocato
579 3086 680 3129 rursus
698 3070 821 3147 impetu,
835 3070 942 3149 aliquid
961 3069 1138 3129 secretioris

137 3148 268 3209 latebrae
280 3150 316 3209 ad
328 3151 523 3228 colligendum
534 3154 656 3213 animum
668 3152 853 3230 desideravit,
866 3163 895 3213 et
907 3154 1050 3215 offerente
1059 3150 1136 3210 Pha·
1124 3172 1176 3213 -as

138 3241 205 3292 onte
216 3232 322 3294 liberto
335 3233 527 3295 suburbanum
539 3256 619 3296 sunm
636 3237 710 3296 inter
723 3236 862 3299 Salarium
882 3246 910 3297 et
921 3238 1138 3298 Nomentanam

137 3320 213 3380 vium
225 3319 304 3377 circa
318 3326 449 3396 quartum
460 3320 618 3397 miliarium,
632 3328 734 3381 uteret
746 3319 822 3381 nudo
836 3319 912 3401 pede
925 3331 1011 3399 atque
1023 3320 1137 3380 tunica·

136 3410 190 3479 tus,
204 3400 357 3481 paenulam
369 3400 493 3460 obsoleti
506 3402 614 3463 coloris
626 3404 813 3483 superinduit,
824 3404 1026 3485 adopertoque
1037 3403 1140 3484 capite
