2475 3775
427 173 477 224 ns
499 173 748 224 cuneatum.
802 217 806 223 .
895 193 905 217 ι
1017 166 1079 230 tte

83 328 278 406 maticnmqne
290 329 475 388 notissimum.
492 327 619 408 Suntqul
629 329 1079 392 litteratnmalitteratdredistin-

85 419 190 487 guent,
214 421 244 470 ut
261 411 365 472 Graeci
380 413 594 494 grammaticum
612 430 628 471 a
643 415 853 489 grammatista,
875 423 904 474 et
925 414 1003 474 illum
1019 418 1078 494 qui·

32 567 41 580 ἱ
86 495 152 559 dem
167 494 313 572 absolute,
331 494 406 554 hunc
419 495 604 555 mediocriter
620 495 921 558 doctumexiatimeut.
953 490 1079 572 Quorum

86 580 250 658 opinionem
267 577 393 639 urttltos
411 581 497 639 etiam
511 579 655 658 exemplis
671 581 835 650 condumam
857 597 978 660 namque
990 581 1090 658 ,oport

59 663 224 723 coctores
242 664 297 738 ait,
322 679 390 722 mam
406 661 531 741 [omitia
551 663 684 722 clicerius
704 663 1079 742 demolietur-educeretur,

84 766 148 807 ooo
163 753 274 805 soom
288 764 373 824 pomo
388 744 554 806 litteratam
567 747 600 806 io
618 747 728 824 'titulo,
744 746 808 807 sed·
815 747 1014 809 litteratorem
1032 749 1078 808 t'o-

83 827 184 889 serihi
195 829 318 889 solitum
332 847 414 904 esse,
436 831 529 912 quasi
540 847 603 890 ooo
615 830 786 908 perfectum
804 830 930 907 litteris,
949 831 1010 892 scd
1024 832 1077 891 im·
1097 843 1106 888 .’

143 996 461 1073 'Veteresgrammatici
477 1007 506 1057 et
518 997 692 1058 rhetoricam
705 996 865 1075 docebant,
882 1017 916 1058 ac
926 1000 1079 1059 multorum

45 1099 75 1140 ao
85 1078 123 1140 de
139 1088 258 1159 utraque
273 1084 336 1139 arte
349 1074 544 1142 commentarii
558 1081 696 1140 feruutur.
733 1081 893 1143 Secundum
911 1100 993 1161 quam
1012 1101 1079 1144 con·

86 1161 263 1223 suetudinem
280 1165 460 1240 posteriores
481 1181 596 1242 quoque
612 1159 942 1244 existimo,'quanquam
953 1165 1078 1227 iamdiu·

85 1248 175 1306 cretis
186 1246 432 1325 professionibus,
450 1248 539 1309 nihilo
555 1247 647 1307 minus
663 1248 710 1307 rel
722 1249 874 1310 retinuisse
885 1249 933 1308 vel
944 1251 1078 1309 instituis·

86 1349 120 1389 se
133 1338 162 1388 et
173 1332 255 1409 ipsos
268 1329 407 1409 quaedam
418 1349 527 1407 genera
540 1333 745 1390 institutionum
752 1331 787 1390 ad
795 1331 987 1408 eloquentiam
995 1351 1078 1410 prae·

87 1394 256 1493 parahdam,
277 1422 308 1472 ut
325 1413 520 1492 problemata,
543 1415 745 1493 paraphrasis,
768 1413 975 1490 allocutiones,
998 1415 1078 1474 etho·

47 1518 75 1556 15
88 1498 183 1575 logias
198 1507 282 1576 atque
303 1498 357 1557 alia
373 1497 429 1559 hoc
446 1517 553 1576 genum
574 1517 612 1558 nc
634 1499 746 1558 scilicet
768 1498 838 1556 sicci
855 1499 970 1558 omniuo
994 1506 1079 1575 atque

84 1580 157 1641 aridi
178 1583 261 1660 pueri
281 1580 444 1641 rhetoribus
462 1582 651 1642 traderentur.
685 1583 766 1658 Quae
790 1580 902 1659 quidem
918 1581 1008 1640 omitti
1024 1583 1079 1640 iarn

84 1665 183 1741 video,
194 1664 302 1724 desidia
315 1666 492 1743 quorundam
503 1676 533 1726 et
545 1666 677 1734 iniantia;
689 1684 746 1726 uon
758 1667 832 1724 enim
845 1664 960 1731 fastidio
971 1673 1078 1743 putem.
1162 1707 1166 1719 .

83 1749 133 1810 ide
146 1747 259 1825 quidem
271 1747 504 1824 adolescentulo,
519 1759 624 1827 repeto
638 1749 952 1828 quendam=Principem
963 1750 1078 1807 nomine

84 1833 205 1893 alternis
220 1830 320 1891 diebus
335 1832 515 1910 declamare,
531 1833 651 1894 alternis
666 1832 829 1912 disputare,
846 1831 990 1892 nonnullis
1004 1847 1077 1891 vero

44 1930 170 1976 cernane
192 1915 355 1994 disserere,
387 1927 456 1995 post
477 1917 625 1977 meridiem
647 1926 759 1977 remoto
779 1916 890 1996 pulpito
916 1916 1079 1975 declamare

84 2000 209 2061 solitum.
233 1998 390 2060 Audiebam
407 2002 508 2077 etiam,
525 2002 661 2061 memoria
674 2009 784 2080 patrum
800 1999 938 2081 quosdam
954 2017 971 2057 e
986 2016 1078 2075 gram·

82 2087 181 2144 matici
194 2087 286 2144 statim
303 2084 370 2145 ludo
384 2087 522 2147 transisse
538 2088 566 2145 iu
582 2086 675 2144 iorum
694 2093 778 2162 atque
793 2085 822 2142 in
836 2100 982 2143 numerum
996 2100 1078 2167 prae-

84 2170 321 2229 stantissimorum
336 2178 520 2249 patronorum
537 2178 684 2248 receptos.

79 2245 102 2259 ”
152 2250 231 2312 (ilari
250 2253 436 2331 professores
456 2264 485 2313 et
500 2253 652 2333 dequibus
668 2251 752 2332 prodi
774 2252 867 2330 possit
885 2250 993 2329 aliquid
1014 2248 1079 2308 dum

44 2356 72 2399 25
83 2345 166 2397 taxat
179 2354 195 2395 a
211 2337 308 2413 uobis,
325 2338 389 2397 iere
402 2338 431 2397 hi
444 2338 568 2397 luerunt.
1169 2337 1172 2343 ’

145 2420 249 2480 Sevius
258 2420 386 2481 Nicanor
398 2424 507 2501 primus
517 2420 553 2481 ad
564 2420 667 2481 famum
680 2418 933 2496 dignationemque
946 2414 1078 2476 docendo
1091 2433 1107 2484 5

85 2506 235 2585 pervenit,
248 2504 376 2583 iecitque
388 2515 505 2584 praeter
518 2505 757 2576 commentarios,
771 2518 890 2581 quorum
902 2509 996 2557 tamen
1011 2514 1078 2575 pars

83 2590 209 2648 maxima
219 2591 382 2667 intercepto
392 2588 506 2662 dicitur,
531 2598 690 2661 satyram
707 2600 839 2662 quoque,
856 2585 951 2657 inqua
971 2580 1080 2638 liberti-

83 2688 155 2733 num
169 2690 202 2731 se
222 2689 256 2731 ac
272 2671 381 2749 duplici
397 2672 570 2745 cognomine
583 2686 650 2726 esse
669 2683 722 2752 per
738 2666 810 2725 hece
825 2663 946 2723 indicat:
1024 2690 1045 2730 ,ι
1080 2680 1081 2685 ’

48 2770 75 2813 to
254 2758 350 2814 &uiue
362 2757 486 2812 Nicanor
499 2755 595 2811 Murci
605 2756 716 2809 libertos
730 2752 853 2823 nepulit:

254 2842 351 2897 semus
359 2849 426 2913 post
437 2833 544 2895 huius*
558 2840 631 2894 idem
645 2853 679 2892 ac
693 2836 811 2892 Marcus
825 2833 935 2919 decedit.

85 2926 161 2986 Sunt
182 2923 228 2999 qui
254 2920 383 2997 tradant,
404 2920 441 2980 ob
461 2919 601 2979 infamiam
625 2914 764 2995 quandam
786 2931 848 2973 eum
870 2915 898 2971 in
920 2912 1078 2975 Sardiniam

86 3008 251 3077 secessisse
267 3004 363 3084 ibique
377 3004 451 3064 diem
467 3002 575 3063 obisse.
627 3014 631 3027 ·
739 3020 747 3027 ·
807 3016 809 3025 ’

87 3116 93 3123 ·
153 3090 289 3150 Aurelius
309 3088 437 3168 Opilius,
464 3086 602 3166 Epicurei
624 3083 767 3145 cuiusdam
789 3081 923 3158 libertus,
947 3081 1110 3161 philosofi

49 3176 187 3257 erptiam
211 3174 321 3254 primo,
351 3172 454 3232 deinde
473 3171 664 3245 rhetoricam,
687 3167 843 3227 notissime
863 3167 1077 3244 grammaticam

88 3261 197 3320 docuit.
228 3256 351 3317 Dimissa
364 3264 457 3319 autem
471 3255 587 3331 schola,
607 3251 741 3314 Rutilium
758 3250 860 3311 Rulum
876 3248 1034 3309 damnatum
1045 3247 1077 3343 iu

87 3344 189 3405 Asiam
203 3349 336 3417 secutus,
357 3339 467 3416 ibidem,
477 3341 616 3413 Smyrnae
627 3336 709 3396 simul
726 3336 889 3410 consenuit,
905 3336 1076 3407 componunt·

88 3444 148 3507 que
165 3428 263 3505 variae
285 3424 584 3502 emditioaiszaiiquot
604 3420 763 3497 volumina,
784 3436 824 3478 cn
843 3414 952 3561 pupilium
970 3427 1079 3487 novem
