2475 3775
467 147 753 198 vaeneuntia.
828 193 831 200 .
1040 143 1103 204 217·

105 269 206 382 tenuit,
219 303 295 365 Gaio
311 321 365 383 per
380 300 544 380 aurigandi,
566 299 686 364 Claudio
706 319 760 382 per
780 304 862 366 aleae
882 307 1003 368 studium
1021 273 1110 373 ἴιιιιίᾸ

106 391 200 470 liaris,
215 387 268 449 sed
286 388 432 466 aliquanto
453 385 564 448 Neroni
585 388 751 466 acceptior,
778 406 841 448 cum
861 401 982 472 propter
1002 395 1102 454 eadem

75 475 189 552 ¹baec,
204 481 262 533 tum
277 471 419 571 peculiari
433 473 552 547 merito,
570 469 647 550 quod
662 471 832 551 praesidens
849 478 995 536 certamini
1009 476 1101 538 Nero

9 568 18 583 *
106 577 178 635 neo,
200 557 364 636 cupientem
381 557 456 616 inter
478 555 665 616 citharoedos
685 556 877 634 contendere,
898 577 954 619 nec
973 562 1103 638 quamvis
1192 552 1195 566 '

84 640 302 720 efflagitantibus
318 641 434 708 emotis
452 640 623 740 promittere
639 639 790 702 audentem
807 640 933 720 ideoque
951 659 1103 720 egressum

105 727 219 789 tbeatro
231 734 434 802 revocaverat,
446 727 528 805 qnasi
539 725 756 803 perseverantis
768 725 873 804 populi
881 727 1029 804 legatione
1041 746 1102 788 sus·

107 820 205 889 cepta,
219 808 453 888 exorandumque
464 807 648 888 praebuerat
795 863 801 875 ,,

168 893 265 953 Trium
281 895 376 972 itaque
391 895 552 973 principum
566 891 774 971 indulgentia
758 910 816 954 non
835 894 928 956 solum
945 865 1103 956 bonoribus
1118 906 1136 956 5

106 993 207 1038 verum
222 986 253 1036 et
265 976 437 1038 sacerdotiis
450 977 634 1056 amplissimis
648 985 758 1054 auctus,
777 980 1012 1057 proconsulatum
1025 981 1103 1049 Afri·

71 1080 161 1125 meae
184 1071 252 1140 post
271 1060 346 1123 baec
363 1079 520 1141 curamque
540 1077 662 1140 operum
683 1061 864 1141 publicorum
885 1064 1103 1144 administravit,

108 1155 137 1208 et
146 1145 294 1205 voluntate
306 1144 418 1225 dispari
430 1154 463 1205 et
472 1147 692 1206 existimatione
718 1144 750 1205 ln
767 1149 916 1226 provincia
927 1149 1151 1226 singularem

106 1230 299 1289 innocentiam
310 1229 465 1308 praestitit
461 1227 583 1290 biennio
595 1230 777 1306 continuato,
791 1249 853 1291 curn
865 1234 1034 1295 succedenti
1046 1235 1103 1296 ira·

106 1313 268 1390 trilegatus
281 1312 472 1382 substitissem
486 1315 539 1373 at
530 1331 560 1372 ιιι
577 1312 687 1373 urbano
705 1313 804 1376 officio
824 1315 900 1377 dona
920 1327 1007 1396 atque
1019 1336 1103 1380 orna·

107 1397 383 1475 mentatemplorum
395 1394 575 1476 subripuisse
590 1406 620 1457 et
634 1406 824 1470 commutasse
838 1400 976 1478 quaedam
988 1400 1102 1461 fereba-

71 1491 168 1558 astur,
186 1498 300 1560 proque
314 1499 384 1541 auro
402 1489 432 1542 et
449 1490 571 1558 argento
589 1490 720 1542 stannum
738 1491 767 1543 et
784 1483 978 1560 aurichalcum
996 1501 1103 1564 suppo

108 1566 211 1627 suisse

146 1649 300 1711 Uxorem
314 1647 412 1708 babuit
422 1604 588 1710 Petroniam
606 1651 769 1712 consularis
782 1653 837 1714 virt
829 1651 952 1728 'liliam,
972 1661 1001 1712 et
1017 1670 1054 1712 ex
1069 1671 1103 1714 ea
1118 1656 1137 1712 6

108 1733 196 1797 lilium
212 1731 414 1792 Petronianum
437 1743 552 1832 captum
568 1734 661 1794 altero
682 1735 779 1795 oculo.
818 1735 902 1794 Hunc
925 1735 1063 1795 heredem
1088 1755 1104 1798 a

107 1826 199 1878 matre
212 1813 265 1874 sub
283 1815 473 1875 condicione
465 1818 638 1894 institutum,
660 1820 685 1878 si
701 1818 737 1877 de
757 1826 903 1897 potestate
921 1821 1011 1899 patris
1027 1819 1103 1880 exis·
1171 1838 1173 1849 ·

71 1912 164 1979 aocet,
176 1916 262 1962 manu
272 1900 366 1959 emrsrt
377 1898 529 1979 brevique,
543 1910 575 1962 ut
587 1902 725 1963 creditum
735 1912 795 1980 est
812 1904 969 1980 interemit,
989 1903 1103 1963 insimu-

107 1984 221 2047 latum
211 2002 330 2083 insuper
349 1982 496 2063 parricidii
512 1993 542 2045 et
556 1986 637 2064 quasi
653 1994 782 2066 paratum
794 1986 830 2047 ad
848 1988 944 2047 scelus
963 2005 1104 2048 venenum
1154 2046 1156 2053 Α
1229 2012 1230 2019 “

109 2088 148 2130 ex
169 2068 349 2138 conscientia
368 2068 522 2130 hausisset.
564 2069 653 2130 Duxit
679 2088 748 2132 mox
775 2068 919 2154 Galeriam
938 2070 1104 2133 Fundanam

108 2152 262 2234 praetorio
277 2161 377 2231 patre,
401 2169 437 2211 ac
453 2151 490 2223 de
509 2153 565 2214 bac
584 2170 702 2252 (puoque
721 2154 833 2215 liberos
848 2157 997 2235 utriusque
1015 2174 1104 2217 sexus

107 2236 187 2313 tulit,
203 2233 257 2296 sed
271 2253 378 2296 marem
395 2236 543 2298 titubantia
559 2238 619 2299 oris
634 2257 729 2319 prope
743 2247 849 2302 mutum
864 2249 893 2299 et
910 2240 1065 2319 elinguem.

71 2339 99 2381 ao
171 2321 198 2381 Α
212 2319 346 2382 Galbam
361 2308 529 2383 inferiorem
546 2321 726 2385 Germaniam
742 2332 842 2388 contra
857 2326 1022 2424 opinionem
1037 2326 1102 2385 mis·
1117 2337 1134 2391 7

99 2423 158 2466 sus
174 2413 228 2464 est
258 2404 394 2466 Adiutum
409 2406 558 2484 putanti.
573 2407 640 2471 Vini
656 2408 812 2486 suffragio,
828 2418 896 2468 tune
911 2408 1103 2487 potentissimi

108 2498 139 2549 et
155 2490 200 2548 cui
214 2490 271 2549 iam
287 2490 399 2567 pridem
418 2508 472 2589 per
488 2491 813 2553 communemfactionts
825 2492 1104 2552 Venetaetavorem

108 2567 281 2633 conciliatus
298 2582 394 2641 essen
409 2575 464 2631 nisi
480 2574 557 2651 quod
573 2574 665 2635 Galba
679 2593 750 2654 prae
764 2592 796 2633 se
808 2573 889 2651 tulit,
902 2572 998 2633 nullos
1011 2574 1104 2633 minus
1133 2612 1138 2622 x

107 2655 280 2717 metuendos
295 2672 379 2733 quarn
396 2656 444 2732 qui
459 2654 577 2715 desolo
594 2658 671 2716 victu
687 2658 860 2734 cogitarent,
877 2674 912 2716 ac
929 2674 1024 2735 posse
1036 2673 1103 2757 pro·

69 2722 280 2800 sorincialibus
298 2738 392 2815 copiis
410 2737 700 2817 profundam-<gulam
722 2741 784 2801 eius
808 2740 937 2817 expleri,
960 2749 991 2802 ut
1013 2743 1104 2801 cuivis
1202 2745 1205 2756 “

107 2822 230 2885 evidens
251 2822 288 2881 sit
310 2829 476 2898 contemptu
497 2822 590 2899 magis
609 2840 693 2901 uuam
722 2824 815 2901 gratia
842 2823 976 2885 electum.
1027 2826 1103 2887 Satis

109 2915 233 2983 constat,
251 2906 365 2966 exituro
379 2906 515 2966 viaticum
529 2904 697 2983 defuisse,
684 2915 761 2967 tanta
778 2916 910 2983 egestate
923 2911 967 2969 rei
985 2911 1102 2971 familia·

107 2992 166 3068 ris,
183 2999 214 3049 ut
228 3006 320 3051 uxore
336 2998 366 3049 et
378 2988 498 3068 liberis,
517 3008 591 3069 quos
605 2970 715 3052 Romae
734 2990 933 3071 sellaquebat,
954 2995 1102 3055 meritorio

109 3073 271 3136 caenaculo
285 3073 417 3159 abditis,
426 3074 564 3138 domum
554 3093 584 3134 ιιι
603 3073 745 3154 reliquam
765 3084 875 3153 partem
896 3079 963 3139 anni
984 3078 1102 3139 abloca
1143 3123 1147 3133 .

66 3167 164 3237 acret,
180 3167 268 3238 utque
283 3177 322 3221 ex
337 3177 407 3220 aure
413 3150 520 3221 matris
535 3158 694 3220 detractum
709 3162 843 3219 unionem
858 3162 1055 3240 pigneraverit
1066 3159 1103 3220 ad

105 3243 220 3303 itineris
234 3243 391 3323 impensas.
423 3242 603 3305 Creditorum
621 3243 735 3321 quidem
750 3246 984 3323 praestolantium
1002 3261 1038 3303 ac
1053 3243 1102 3302 de-

106 3326 257 3387 timentium
271 3328 384 3389 turbem
399 3328 458 3387 et
449 3347 478 3387 m
498 3328 534 3387 iis
557 3328 751 3388 Sinuessanos
765 3327 1010 3406 Formianosque,
1032 3340 1101 3404 quo·

106 3428 172 3471 rum
186 3410 304 3491 publica
322 3410 480 3490 vectigalia
501 3411 722 3492 intervertcrat,
752 3414 868 3492 nonnisi
887 3422 1001 3473 terrore
1025 3407 1101 3469 calu·
