2475 3775
498 187 686 250 ,euocatos
902 151 904 156 ¹
1009 203 1013 211 ·
1049 161 1099 240 ³95

106 359 144 402 ne
168 357 224 420 qua
246 339 468 420 deportarentur
488 341 544 402 nisi
564 357 708 406 concessa
729 347 776 403 out
797 341 972 403 necessaria.
1008 342 1099 407 Trans

105 425 235 488 Rhenum
250 442 321 485 vero
339 442 404 486 ennn
418 428 493 485 vitae
508 424 639 485 ordinem
653 428 757 502 tenuit,
779 432 809 484 ut
822 423 928 484 sedens
943 427 971 484 in
986 428 1098 506 cespite

105 508 182 569 nudo
203 507 298 569 eibum
312 516 449 587 caperet,
471 526 562 586 saepe
577 509 640 568 sine
655 509 779 570 tentorio
796 516 995 586 pernoctaret,
1015 528 1097 588 prae·

106 601 193 671 cepte
207 595 356 670 sequentis
367 592 423 652 diei
440 592 532 653 omnia
548 593 595 671 (et
604 593 630 650 si
641 591 707 672 qnid
719 592 803 654 subiti
814 591 939 652 muneris
951 591 1111 669 inningen-f
1132 605 1134 612 ·
1192 603 1197 624 ‘

82 676 171 736 sdmn
191 685 289 752 esset,
308 693 362 754 per
377 674 510 752 libellos)
527 674 623 744 daret;
645 675 739 738 addita
752 675 907 736 monitione
923 683 966 752 ut,
990 673 1025 736 de
1040 693 1098 754 quo

105 760 228 838 quisque
242 759 400 836 dubitaret,
423 778 455 818 se
469 760 525 818 ne'e
540 759 598 819 aiio
614 761 773 838 interprete
791 776 968 837 quacumque
985 759 1035 830 uel⁴
1047 776 1098 835 no·

105 844 161 903 ctis
178 844 250 904 bora
263 851 401 908 uteretur.
431 843 620 922 Disciplinam
635 845 775 912 acerrime
791 843 906 919 exegit,
921 841 1095 904 animadver-
1107 862 1140 916 19

104 927 216 989 sionum
232 935 261 986 et
280 926 498 1003 ignominiarum
519 926 676 1003 generibus
703 946 742 988 ex
763 927 929 1004 antiquitate
954 927 1096 1005 repetitis,

104 1019 193 1088 atque
205 1011 291 1072 etiam
305 1010 404 1088 legato
417 1011 561 1088 legionis,
577 1010 655 1089 quod
669 1027 778 1090 pancos
794 1010 897 1070 milites
915 1027 978 1072 cum
993 1009 1097 1073 liberto

67 1103 159 1162 ttsno
182 1103 261 1157 trans
281 1095 374 1172 ripam
390 1095 680 1171 venatnmtnisisset,
699 1093 853 1172 ignominia
869 1102 978 1154 notato.
1008 1094 1096 1154 Proe-

103 1179 159 1253 lia,
183 1177 311 1259 quamnis
330 1178 473 1238 minimum
490 1179 624 1238 fortunae
646 1179 817 1257 casibusque
831 1179 1025 1256 permitteret,
1046 1177 1097 1240 ali·

103 1269 209 1340 quanto
230 1264 408 1322 constantius
425 1262 514 1322 inibat
533 1263 667 1340 quotiens
687 1261 856 1324 lucubrante
874 1279 922 1343 se,
948 1261 1041 1323 subito
1061 1277 1097 1322 ac

102 1344 183 1404 nulio
205 1345 406 1423 propellente,
428 1344 578 1407 decideret
595 1345 693 1406 lumen
715 1353 746 1404 et
759 1346 988 1422 extingueretur,
1008 1345 1096 1404 conti·

102 1429 185 1505 dens,
201 1437 231 1488 nt
247 1428 353 1504 aiebat,
370 1437 485 1490 ostento
505 1429 560 1489 sibi
578 1447 596 1489 a
614 1428 770 1490 maioribus
787 1431 846 1488 suis
862 1430 897 1487 in.
907 1429 982 1488 omni
994 1428 1096 1488 ducatu

64 1536 93 1576 ιι
102 1513 318 1590 expertissimo.
347 1513 407 1574 Sed
419 1532 453 1573 re
467 1531 612 1592 prospere
630 1521 728 1592 geste,
744 1531 802 1574 non
815 1513 930 1572 multum
946 1511 1015 1578 afuit
1030 1512 1096 1589 quin

100 1615 118 1658 a
132 1595 273 1657 Bructero
289 1596 417 1675 quodam
437 1597 635 1675 occideretur,
658 1598 709 1670 oui,
717 1597 791 1656 inter
805 1598 954 1676 proximos
969 1596 1096 1656 versanti

101 1688 132 1742 et
152 1679 343 1758 trepidatione
362 1681 481 1742 detecto
500 1682 649 1751 tormentis
664 1698 805 1759 expressa
822 1681 968 1740 confessio
985 1689 1031 1739 est
1048 1695 1101 1742 oo-.

101 1764 184 1842 gitati
196 1762 345 1825 facinoris.
372 1765 399 1825 Α
415 1763 567 1826 Germania
582 1765 611 1823 in
624 1763 723 1824 urbem
738 1772 806 1843 post
821 1763 963 1823 biennium
977 1779 1093 1838 regres-
1104 1779 1140 1832 20

102 1866 152 1908 sus
167 1846 351 1927 triumphum,
373 1866 459 1927 qnem
474 1847 637 1925 distulerat,
659 1847 736 1925 egit,
753 1846 995 1927 prosequentibus
1010 1846 1094 1906 etiam

63 1931 225 2008 relegatis,
247 1932 349 2009 quibus
364 1932 544 2011 triumphalia
563 1941 729 1992 ornamenta
744 1932 919 2009 impetrarat.
949 1929 996 1990 Ac
1017 1930 1096 2008 prius

58 2091 61 2095 Α
102 2032 187 2095 quarn
207 2016 236 2075 in
249 2014 422 2115 Capitolium
435 2016 585 2092 flecteret,
607 2015 786 2077 descendite
805 2032 889 2077 curru
905 2032 997 2093 seque
1012 2029 1095 2093 prae·

100 2098 206 2159 ridenti
223 2100 299 2177 patri
313 2100 349 2161 nd
362 2118 456 2177 genua
470 2100 618 2161 summisit.
644 2098 781 2161 Ratonem
795 2099 969 2158 Pannonium
982 2098 1109 2171 ducem,

100 2182 267 2259 ingentibus
287 2176 421 2243 donatum
441 2186 592 2263 praemiis,
614 2185 780 2246 Ravennam
798 2184 955 2260 transtulit,
975 2182 1096 2259 gratiam

10 2308 14 2314 -
100 2266 251 2344 referens,
273 2266 351 2347 quod
370 2286 404 2327 sc
425 2268 567 2347 quondam
582 2285 646 2328 cnm
660 2270 790 2328 exercitu
805 2268 954 2344 iniquitate
968 2266 1027 2325 loci
1042 2265 1095 2325 cir·

63 2348 279 2411 rscnmclusnm
298 2369 402 2429 passus
423 2361 503 2412 esset
521 2350 656 2414 evadere.
686 2351 837 2412 Prandium
859 2350 963 2411 dehinc
985 2347 1096 2427 populo

99 2432 180 2493 mille
200 2435 323 2512 mensis,
344 2443 374 2494 et
393 2436 568 2512 congiarium
584 2444 722 2496 trecenos
745 2452 874 2496 nummos
888 2434 993 2493 viritim
1008 2431 1096 2495 dedit.

98 2516 253 2577 Dedicavit
278 2526 308 2577 et
330 2516 513 2581 Concordiae
536 2517 652 2596 aedem,
680 2521 747 2579 item
753 2518 895 2579 Pollucis
916 2524 946 2575 et
967 2512 1096 2595 Castoris

100 2618 155 2661 sno
180 2601 335 2683 fratrisque
359 2604 489 2678 nomine,
516 2600 556 2663 de
579 2600 728 2663 manubiis.
764 2601 810 2662 Ac
830 2618 889 2660 non
908 2598 997 2657 multo
1019 2603 1098 2675 post,
1102 2595 1135 2650 tl

101 2684 171 2761 lege
195 2702 249 2763 per
265 2686 400 2746 consules
415 2685 474 2745 lata
486 2694 517 2745 ut
531 2686 696 2763 provincias
711 2703 774 2745 cum
789 2683 923 2761 Augusto
943 2678 1127 2743 communis

62 2777 147 2829 soter
168 2749 378 2829 administraret
397 2767 539 2846 simulque
558 2784 675 2827 censum
691 2775 810 2844 ageret,
828 2764 944 2827 condito
961 2762 1096 2825 lustrem
1198 2838 1205 2845 .

99 2851 248 2926 illyricum
268 2853 420 2931 proiectas
434 2859 496 2917 ..est
524 2850 563 2912 Itt
582 2852 680 2911 statim
700 2869 738 2911 ex
752 2850 855 2909 itinere
871 2856 1025 2910 revocatus
1040 2848 1098 2907 iarn

100 2934 216 3015 quidem
230 2936 387 3014 adiectum,
402 2933 454 2997 sed
467 2942 561 2996 tamen
574 2936 732 3013 spirantem
747 2931 839 2995 adbuc
853 2930 1013 3011 Augustum
1028 2950 1096 3014 rep·

100 3018 178 3097 perit
194 3019 303 3101 iuitqne
317 3038 372 3080 nna
391 3028 509 3080 secreto
523 3036 578 3098 per
592 3028 683 3079 toturn
697 3016 780 3077 diem.

162 3102 234 3164 Scio
248 3103 337 3184 uulgo
354 3121 521 3182 persuasum
536 3104 635 3183 quasi,
656 3118 783 3179 egresso
793 3108 862 3180 post
875 3109 1018 3163 secretum
1033 3117 1092 3159 ser·

61 3202 215 3251 temonem
234 3185 367 3261 Tiberio,
389 3204 447 3247 vox
461 3185 585 3264 Augusti
604 3201 658 3265 per
679 3182 872 3247 cubicularios
892 3192 1017 3263 excepta
1036 3184 1090 3243 sit:

98 3268 249 3333 ltnemm
266 3270 414 3349 populum
437 3269 477 3331 a.
504 3270 558 3349 que·
579 3268 637 3332 sot
660 3274 723 3331 tom
742 3268 832 3333 tanao
851 3268 990 3331 meotilis
1014 3264 1116 3325 aret!

97 3352 455 3432 Neilindqnidemignoro
469 3354 580 3435 aliquos
594 3352 758 3431 tradidisse,
766 3352 926 3431 Angustum
938 3350 1032 3429 palam
1038 3362 1094 3405 nec

98 3436 314 3503 dissimolanter
326 3455 438 3501 memor
454 3437 515 3499 dus
529 3436 675 3501 diritatem
687 3438 760 3501 adeo
772 3436 965 3521 improbasse,
975 3439 1006 3491 ιιι
1021 3446 1095 3490 nott·
