2475 3775
136 119 197 181 232
214 130 247 179 c.
266 106 417 177 suenoni
427 126 556 188 amno.
571 126 620 175 nn
634 127 717 174 unns
734 125 918 176 suessona
930 126 998 188 nae.
1011 84 1083 172 vlu.

96 294 132 349 14
199 284 380 346 Offensarum
393 281 661 360 inimicitiarumque
677 281 791 341 minime
810 297 921 342 memor
939 290 1127 361 executorue,
1212 276 1215 323 t

134 364 1128 445 Vitelliihostissuililiamspendidissimemaritavitdotavitqueetiam

78 521 83 535 ‚
134 460 164 517 et
173 452 327 525 instruxit:
342 449 498 530 Trepidam
511 468 576 520 enm
589 449 743 510 interdicta
759 449 825 510 aula
840 448 893 508 sub
906 447 1025 509 Nerone
1041 466 1125 528 quae·

133 545 311 614 rentemque,
331 535 463 613 quidnam
477 542 645 610 ageretaut
658 550 715 614 quo
730 532 835 610 abiret,
851 532 966 612 quidam
977 551 1017 606 en
1028 534 1124 594 ollicio

134 619 315 686 admissionis
333 618 416 679 simul
431 618 596 697 expellens,
610 615 702 682 atos
716 615 914 681 Morbcvt‘cm
931 616 1065 678 iusserat.
1091 617 1150 680 lns

133 706 209 779 bunc
221 711 323 783 postea
339 703 547 782 deprecantem
560 699 638 762 baud
650 701 724 763 ultra
737 701 828 762 verba
844 700 1007 778 excanduit,
1022 710 1053 762 et
1068 703 1124 781 qui·

133 789 201 850 dem
210 787 327 865 totidem
342 788 406 847 iere
420 794 508 864 atque
524 783 636 847 eadem.
662 785 735 849 Nam
748 793 780 844 ut
792 785 959 868 suspicions
972 785 1067 865 aliqua
1078 785 1126 846 vel
1207 786 1214 803 '

134 881 211 936 metu
225 871 261 933 a'd
276 872 438 951 perniciem
453 872 622 946 cuiusquam
635 868 860 948 compelleretur
871 878 978 932 tantum
992 870 1076 946 afuit,
1086 878 1124 948 ut,

134 955 316 1018 monentibus
345 955 446 1014 amicis
473 950 631 1018 cavendum
654 971 723 1014 esse
746 953 875 1014 Mettium
894 953 1124 1031 Pompusianum,

136 1038 214 1120 quod
227 1039 317 1116 volgo
332 1036 502 1101 crederetur
519 1038 651 1114 genesim
665 1036 774 1099 habere
798 1037 1031 1116 imperatoriam,
1052 1039 1123 1097 insu·
1133 1057 1157 1098 ιι
1212 1035 1216 1040 ’

136 1142 192 1204 per
207 1120 356 1181 consulem
373 1121 488 1198 iecerit,
507 1121 654 1200 spondens
670 1121 843 1202 quandoque
866 1121 1000 1182 beneficii
1021 1138 1124 1184 memo·

135 1224 198 1268 rem
212 1204 347 1266 futurum.
671 1244 678 1256 .

94 1315 127 1366 15
193 1288 385 1351 Nontemere
401 1289 464 1368 quis
480 1289 595 1368 punitus
608 1290 711 1364 insons
724 1289 906 1370 reperietur,
930 1290 985 1348 nisi
1007 1289 1125 1351 absente

34 1389 37 1392 ’
135 1391 172 1434 eo
189 1383 219 1434 et
232 1376 334 1450 ignaro
347 1382 395 1435 aut
407 1381 487 1434 certe
498 1373 588 1432 invito
603 1380 691 1450 atque
701 1371 838 1459 decepto.
863 1372 998 1434 Helvidio
1013 1373 1124 1450 Prisco,

135 1460 184 1537 qui
218 1467 392 1518 treversum
406 1475 440 1518 se
454 1473 493 1517 ex
507 1456 590 1531 Syria
605 1457 688 1532 solus
709 1457 823 1536 privato
840 1458 957 1524 nomine
971 1458 1126 1536 Vespasia·
1136 1478 1160 1520 ιι

133 1475 434 1685 ιιιιιιὲῑιιὶιιιιιειιιιι
448 1542 477 1599 in
497 1542 633 1618 praetura
655 1540 786 1602 omnibus
809 1539 912 1604 edictis
935 1541 997 1610 sine
1015 1539 1128 1602 bonore

135 1643 170 1686 ac
213 1625 328 1684 entionc
344 1625 403 1686 ulla
418 1624 627 1702 transmiserat,
645 1633 785 1707 sonante
801 1627 1068 1704 succensuitquam
1084 1623 1127 1683 al-

134 1707 343 1771 tercationibus
367 1707 601 1768 insolentissimis
616 1726 725 1789 xpaene
759 1709 787 1768 in
819 1708 949 1771 ordinem
982 1707 1130 1770 redactus.

133 1793 217 1862 Hunc
232 1810 364 1872 quoque,
382 1793 513 1872 quamvis
526 1792 688 1869 relegatum
703 1793 811 1872 primo,
832 1786 941 1854 deiude
955 1801 985 1853 et
1005 1793 1130 1852 interfici

134 1880 252 1954 iussum,
269 1879 366 1955 magni
381 1875 543 1940 aestimarit
557 1895 678 1940 servare
694 1894 813 1956 quoquo
835 1878 940 1957 modo,
961 1877 1057 1947 missis
1080 1876 1163 1956 quim

135 1979 328 2041 percussores
340 1970 529 2032 revocarent;
550 1970 580 2020 et
593 1971 758 2041 servasset,
781 1962 838 2025 nisi
851 1963 905 2023 iam
921 1963 1037 2041 perisse
1051 1961 1129 2023 falso

133 2047 323 2105 renuntiatum
346 2054 435 2114 esset.
479 2043 615 2105 Ceterum
638 2064 733 2124 neque
762 2044 853 2107 caede
876 2048 1045 2125 cuiusquam
1070 2063 1129 2105 um·

136 2146 220 2206 qnam
234 2128 251 2163 *
266 2128 348 2187 iustis
362 2127 513 2208 suppliciis
528 2128 720 2191 inlacrimauit
735 2130 821 2190 etiam
836 2138 866 2189 et
880 2130 1029 2209 ingemuit.

93 2236 128 2290 15
196 2209 266 2269 Sole
289 2219 347 2285 est,
368 2212 471 2290 inqua
500 2214 604 2271 merito
632 2212 780 2292 culpetur,
807 2213 948 2293 pecuniae
974 2212 1129 2293 cupiditas.

133 2291 201 2353 Non
214 2293 289 2353 enim
307 2302 460 2354 contentus
475 2296 581 2355 omissa
597 2296 650 2356 sub
665 2294 756 2357 Galba
779 2296 936 2377 vectigalia
956 2315 1163 2373 revocassem
1221 2296 1222 2301 ’

133 2393 209 2438 nova
223 2385 255 2436 et
266 2376 368 2464 gravia
383 2376 544 2454 addidisse,
560 2380 676 2453 auxisse
693 2378 800 2442 tributa
816 2382 991 2461 provinciis,
1008 2378 1129 2443 nonnul·

135 2461 172 2521 lis
186 2470 215 2520 ct
229 2459 407 2539 duplicasse,
421 2462 637 2539 negotiationes
653 2481 770 2544 qnoque
784 2464 832 2525 vel
849 2468 962 2545 privato
979 2464 1130 2545 pudendas

134 2545 285 2625 propalam
296 2546 441 2621 exercuit,
451 2546 611 2614 coemendo
625 2548 890 2627 quaedam,tantam
900 2558 930 2611 ut
941 2550 1034 2633 pluris
1046 2542 1128 2629 post·
1221 2568 1222 2571 ¹

134 2646 170 2689 ea
191 2629 374 2692 distraheret.
399 2629 459 2695 ¹,Ne
476 2630 633 2692 candidatis
654 2632 769 2711 quidem
789 2632 936 2711 honores,
956 2634 1056 2695 reisve
1071 2642 1130 2693 tam

133 2714 259 2773 innoxiis
281 2732 365 2793 qnam
385 2713 558 2776 nocentibus
581 2714 782 2781 absolutiones
802 2717 951 2779 venditare
976 2725 1163 2777 cunctatnsao

62 2839 66 2845 .
135 2803 190 2853 est.
220 2794 353 2857 Creditur
368 2800 455 2859 etiam
469 2808 689 2878 procuratorum
700 2801 919 2881 rapacissimum
934 2818 1080 2881 quemque
1092 2799 1130 2859 ad

134 2876 276 2955 ampliora
292 2881 388 2943 oificia
404 2900 442 2942 ex
460 2881 600 2943 industria
619 2882 724 2951 solitus
751 2902 944 2964 promovere,
964 2902 1023 2965 quo
1046 2884 1128 2945 loca·

135 2960 278 3040 pletiores
291 2980 360 3023 mox
377 2966 598 3037 condemnaret;
612 2966 718 3047 quibus
735 2968 850 3047 quidem
864 2970 955 3047 volgo
973 2986 1029 3049 pro
1038 2986 1128 3051 spon-

134 3045 200 3142 geis
214 3043 363 3106 dicebatur
376 3050 433 3126 uti,
455 3050 532 3131 quod
545 3051 627 3132 qnasi
643 3060 673 3111 et
687 3054 785 3113 siccos
805 3052 1002 3114 madefaceret
1024 3062 1054 3117 et
1078 3070 1128 3111 ex·

135 3137 274 3207 promeret
287 3133 419 3190 umentis.
1140 3146 1165 3189 aa

197 3212 318 3288 Quidam
333 3221 433 3273 natura
450 3216 662 3296 cupidissimum
677 3218 801 3297 madunt,
819 3220 905 3301 idque
915 3220 1131 3300 exprobratum

134 3298 162 3357 ei
177 3314 194 3357 a
210 3314 280 3357 sene
297 3294 432 3374 bubulco,
450 3302 512 3377 qui,
529 3311 635 3377 negata
652 3302 708 3369 sibi
721 3304 845 3381 gratuita
862 3303 1015 3383 libertate,
1042 3320 1131 3381 quam

130 3380 281 3460 imperinm
289 3380 429 3461 adeptum
444 3383 615 3464 suppliciter
629 3384 739 3465 orabat,
756 3387 993 3467 proclamaverit,
1004 3386 1132 3467 vulpem

153 3682 186 3731 k
