2475 3775
429 173 742 226 ownscuaumus.
1029 171 1088 234 159

3 328 4 333 ’
90 325 188 406 diique
213 326 375 405 paludatus.
408 329 484 403 Quin
506 338 537 390 et
561 333 719 392 emissurus
740 331 879 394 Fucinum
905 335 998 400 lacum
1019 357 1089 400 nau·r

3 416 4 419 ’
88 411 228 472 macbiam
245 421 312 472 ante
327 414 478 473 commisit.
498 414 557 474 Sed
571 433 638 475 cum
648 416 894 494 proclamantibus
907 422 1087 484 naumachia-

88 498 155 558 riis:
183 495 274 556 Hcoc
285 497 471 574 imperator,
487 498 633 559 maturi
646 506 675 561 te
688 501 852 562 sulutontl'
864 505 1087 584 respondisset:

87 578 152 641 Aut
163 582 244 641 uon!
256 599 353 659 neque
368 590 437 661 post
449 581 523 642 banc
537 599 643 642 vocem
659 587 741 664 quasi
758 587 840 647 venia
855 587 919 648 data
936 590 1088 668 quisquam

63 663 224 726 sdimicare
239 661 347 741 vellet,
373 664 421 726 diu
441 675 589 727 cunctatus
607 685 643 728 an
658 671 752 730 omnis
767 669 828 747 igni
843 668 982 751 ferroque
1002 674 1086 733 absu-

2 751 6 830 ᾗ
86 759 198 825 meret,
213 748 328 808 tandem
342 765 361 821 a
374 748 445 810 sede
459 768 510 810 sua
524 751 661 830 prosiluit
675 769 709 812 ac
723 771 776 834 per
786 755 919 815 ambitum
931 755 1013 817 lacus
1027 775 1088 817 nou

87 835 151 894 sine
172 832 261 893 ioeda
283 832 470 894 vacillatione
492 834 674 914 discurrens,
704 840 807 916 partim
827 839 960 900 minando
983 844 1086 919 partim

86 916 268 979 adhortando
283 916 320 976 ad
335 932 460 997 pugnam
476 919 625 1003 compulit.
653 921 717 981 lloc
734 923 906 1002 spectaculo
924 925 1027 986 classis
1042 926 1085 985 Si·

87 1001 152 1062 cula
164 1009 194 1060 et
203 1000 321 1062 Rbodia·
329 1010 554 1081 concurrerunt,
567 1004 761 1066 duodenarum
772 1008 931 1070 anemium
941 1009 1084 1086 singulae,
1154 1033 1159 1050 r

46 1106 75 1147 10
87 1087 223 1146 exciente
248 1085 353 1146 bacina
374 1085 494 1148 l'ritone
519 1098 678 1168 argenteo,
705 1093 754 1169 qui
777 1109 794 1151 e
818 1091 914 1152 medio
940 1091 1006 1154 lacu
1031 1111 1085 1172 per
1151 1091 1154 1099 '

84 1169 243 1232 machinam
258 1179 427 1231 emerserat.
1157 1170 1161 1185 ¹

147 1253 294 1330 Quaedam
311 1254 389 1316 circa
406 1256 597 1316 caerimonias
612 1257 785 1336 ciuilemque
807 1267 837 1318 et
855 1259 1007 1320 militarem
1022 1277 1081 1320 mo·
1092 1271 1127 1324 Ὦ

83 1357 161 1416 rem,
187 1341 256 1399 item
279 1340 358 1400 circa
382 1341 505 1400 omnium
525 1340 657 1408 ordinum
675 1348 776 1400 statum
793 1340 869 1402 dorni
887 1343 1020 1421 lorisque
1035 1354 1084 1404 aut

85 1424 228 1499 correxit,
249 1431 297 1483 aut
316 1421 434 1484 exoleta
454 1427 631 1500 revocarit,
645 1434 693 1485 aut
708 1427 792 1485 etiam
808 1443 885 1487 nova
900 1427 1029 1504 instituit.
1051 1427 1084 1486 lu

47 1527 74 1566 rs
85 1507 259 1586 cooptandis
280 1525 336 1588 per
361 1507 490 1586 collegia
512 1508 714 1569 sacerdotibus
738 1512 880 1570 nemiuem
899 1509 954 1568 nisi
976 1511 1083 1571 iuratus

83 1586 254 1662 nomibavit;
272 1591 498 1671 observavitque
514 1592 633 1669 sedulo,
659 1601 690 1652 ut
709 1595 845 1674 quotieas
866 1601 943 1655 terra
966 1595 995 1654 in
1010 1594 1082 1654 urbe

82 1676 237 1751 mouisset,
261 1676 351 1736 ferias
367 1676 509 1741 advocata
525 1679 662 1737 contione
678 1686 797 1756 praetor
812 1678 970 1755 indiceret,
993 1688 1082 1758 utque

83 1760 147 1822 dira
158 1777 213 1819 ave
228 1761 257 1818 in
271 1758 418 1838 Capitolio
433 1761 496 1820 risa
511 1759 679 1821 obsecratio
695 1761 866 1842 baberetur,
881 1778 1002 1839 eamque
1017 1765 1084 1841 ipse

81 1845 145 1904 iure
156 1842 430 1923 maximipoutidcis
441 1861 495 1923 pro
506 1846 610 1905 rostris
622 1845 732 1926 populo
744 1848 872 1925 praeiret
883 1855 1081 1925 summotaque

44 1948 72 1989 ao
86 1928 286 2008 operariorum
307 1929 624 2008 seruorumqueturba.
1147 1973 1149 1977 -

145 2012 252 2072 Rerum
264 2021 373 2090 actura,
386 2011 506 2072 divisum
517 2015 602 2074 antea
616 2015 645 2072 in
658 2012 797 2073 bibemos
808 2013 994 2093 aestiuosque
1005 2024 1124 2081 mento

81 2115 149 2173 ses,
165 2097 321 2156 coniunxit.
347 2094 421 2156 luris
443 2097 598 2158 dictionem
613 2097 650 2157 de
667 2097 734 2157 lidei
750 2098 925 2175 commissis,
948 2107 1019 2179 quot
1033 2116 1080 2158 an·
1129 2130 1132 2137 ,

79 2183 127 2240 nis
143 2188 172 2240 et
187 2188 294 2240 tanturn
307 2181 336 2240 in
352 2180 425 2241 urbe
441 2181 573 2260 delegari
588 2180 804 2259 magistratibus
819 2181 949 2259 solitam,
971 2183 1000 2241 in
1015 2200 1080 2261 per·

81 2274 199 2343 potuum
212 2273 298 2343 atque
308 2266 404 2326 ‘etiarn
425 2284 480 2346 per
497 2268 663 2347 provincias
679 2265 873 2345 potestatibus
890 2266 1080 2328 demandavit.

43 2362 71 2402 2⁵
81 2348 179 2427 Capiti
192 2347 299 2427 Papiae
315 2348 472 2430 Poppaeae
486 2350 564 2428 legis
580 2350 727 2412 al'iberio
739 2350 881 2427 (lassare,
900 2353 981 2431 quasi
996 2368 1079 2411 sexa·

48 2454 56 2467 ¹
78 2432 194 2511 genarr'i
214 2450 360 2511 generare
379 2452 438 2495 non
453 2444 588 2514 possent,
617 2434 715 2497 addito
734 2432 899 2513 obrogavit.
935 2436 1036 2495 Sanxit
1049 2442 1081 2491 ut

80 2516 199 2597 pupillis
215 2526 298 2578 extm
313 2517 443 2579 ordinem
457 2528 570 2579 tutores
586 2538 603 2579 a
628 2518 794 2580 oonsulibus
819 2518 971 2593 darentur,
990 2525 1079 2593 utque

79 2603 117 2676 ii,
145 2599 246 2679 quibus
268 2602 516 2679 amaglstratibus
532 2604 701 2680 provinciae
721 2600 979 2676 interdicerentur,
1005 2597 1078 2658 urbe

79 2693 238 2764 quoquest
251 2684 334 2745 ltalia
348 2692 604 2745 summoverentur.
618 2683 688 2763 lpse
701 2683 839 2765 quosdam
850 2700 928 2743 novo
941 2683 1078 2762 exemplo

42 2784 70 2825 ao
81 2768 240 2845 relegauit,
254 2777 286 2827 ut
299 2768 380 2828 ultra>
390 2768 516 2846 lapidem
531 2770 645 2827 tertium
661 2776 774 2827 vetaret
788 2760 890 2844 e‘grcdi
902 2766 937 2827 ab
953 2766 1035 2837 urbe.
1123 2788 1127 2799 ·

142 2851 310 2912 uenatore
324 2852 445 2931 negotio
464 2860 579 2912 acturus
593 2853 623 2911 ia
640 2852 734 2929 curia,
754 2850 865 2911 medius
880 2852 956 2911 inter
975 2868 1077 2912 oonsu-

77 2936 137 2996 lum
153 2935 243 2996 sellas
257 2932 410 2996 tribunicio
428 2934 569 2997 subsellio
589 2935 720 2996 sedebat.
749 2934 931 2997 commeatus
945 2954 961 2996 a
977 2945 1078 2999 senatu

77 3022 139 3100 peti
158 3021 264 3082 solitos
284 3019 409 3079 benefici
430 3021 474 3081 sui
495 3020 575 3079 iecit.
609 3018 782 3089 Ornamenta
808 3016 971 3081 consularia
994 3023 1121 3087 etiamad

76 3103 319 3185 procuratoribus
334 3103 495 3166 ducenariis
510 3103 636 3164 indulsit.
658 3104 837 3165 Senatoriam
851 3104 1017 3183 dignitatem
1032 3123 1076 3165 re·

39 3209 68 3251 as
79 3187 246 3249 assantibus
262 3197 427 3269 equestrem
442 3188 558 3268 qnoque
574 3188 689 3249 ademit.
717 3189 815 3251 Latum
832 3189 958 3267 clavum,
981 3206 1077 3268 quam-

76 3275 124 3334 vis
142 3275 224 3333 initio
239 3275 412 3335 affirmasset
422 3291 481 3333 nou
496 3272 636 3334 lecturum
648 3291 680 3332 se
696 3282 859 3334 senatorem
879 3274 935 3333 nisi
951 3272 1026 3332 'civis
1041 3272 1076 3330 R.

76 3357 272 3438 abnepotem,
287 3361 372 3419 etiam
388 3358 515 3419 libertini
530 3358 590 3418 lilio
607 3358 719 3436 tribuit,
736 3358 789 3418 sed
802 3357 855 3419 sub
873 3355 1037 3417 conditione
1053 3352 1077 3410 si
1126 3406 1127 3409 ,

75 3442 159 3523 prius
177 3443 212 3503 ab
229 3446 326 3520 equite
340 3444 375 3504 ll.
392 3442 544 3525 adoptatus
559 3452 654 3512 esset;
677 3462 712 3503 ac
728 3444 771 3503 sic
786 3458 903 3521 quoque
919 3434 1076 3517 reprehen-
