2475 3775
569 155 710 209 OTHO.
1046 104 1105 214 Ι211
1222 101 1223 130 ³

105 307 192 369 alium
208 305 272 369 sliu'
283 310 331 370 ria
349 309 472 379 rnilitum
488 307 700 373 demerebatur.
730 309 850 374 Gnidum
866 316 952 376 etiarn
967 316 1004 378 de
1022 287 1107 396 parte

106 394 203 454 linium
213 409 279 452 eum
290 395 387 457 vieiuo
397 392 532 471 litiganti,
542 392 690 456 adbibitus
696 395 814 473 arbiter,
827 405 917 460 tetum
929 402 1104 476 agrurnred·

105 479 174 539 emit
191 479 456 558 emanciparitque3
481 486 511 538 ut
533 479 592 540 iam
607 480 658 540 ris
675 479 754 542 ullus
764 485 915 561 esseurpui
930 500 988 543 uon
1000 493 1028 544 et
1039 501 1103 545 sen»
1138 507 1142 511 ·

103 563 171 622 uret
184 571 214 622 et
225 561 411 640 praedicaret
426 561 520 625 solun
536 565 728 628 tueremiuue
745 568 859 646 imperii
873 567 999 644 dignun.
1029 570 1131 647 Spet

14 682 21 704 .
80 654 222 717 ,raserat
231 655 327 708 sutem
339 648 405 707 iore
415 657 447 708 ut
459 646 675 727 adoptaretura
688 647 790 726 Galba,
803 649 892 728 idque
904 654 933 710 in
945 651 1008 712 dies
1016 670 1104 731 erpe-
1165 653 1168 662 '

103 731 210 792 utabat.
233 731 293 794 Sed
305 741 458 811 postquam
470 731 579 794 Pisone
590 732 912 813 praelatospedenidit,
926 734 1104 796 adrimuorr»

101 833 206 879 versus
222 823 278 893 est,
289 818 446 894 instigante
457 817 644 895 supersuiual
660 816 894 892 doloremetiam
907 819 1104 898 magnitudine

102 901 179 960 ueris
191 899 288 961 ebeni.
304 900 408 978 Neque
420 903 498 963 enim
506 900 715 978 dissimulabat,
727 901 791 964 rrt‘er’
793 903 967 982 prinoipem
974 921 1008 964 ae
1018 910 1105 966 aiore

100 1001 163 1128 G
174 983 642 1133 titedittiiitid
654 985 958 1148 lilium?
966 987 1105 1134 tuiti

62 1091 156 1300 wlpro
173 1153 327 1298 iapegriatu
344 1115 571 1298 dispensstiubfitii
584 1153 687 1298 dezies
710 1157 874 1256 sestertium
891 1157 1102 1236 expresseram

99 1253 183 1381 rii}
194 1246 409 1391 ,immiti
421 1240 1103 1402 tidini·eiiilljtiiiiitdlii

100 1405 312 1484 produxerant3
333 1405 466 1468 omnibus
485 1405 560 1468 dena
579 1408 719 1468 sestertia
735 1415 956 1486 repraesentata
977 1413 1007 1468 ei
1022 1410 1102 1485 quin·

61 1511 89 1552 rs
101 1508 233 1568 pungens
247 1493 400 1570 promissa.
424 1490 480 1553 Per
490 1489 548 1551 bos
561 1490 712 1554 sollieirari
723 1491 840 1572 reliqui,
853 1510 909 1552 nee
920 1491 995 1552 adeo
1003 1490 1101 1566 multi,

99 1573 175 1635 baud
186 1574 272 1636 dubia
282 1574 403 1652 iiduoia,
420 1578 450 1639 in
467 1576 535 1654 ipso
553 1576 674 1652 negotio
692 1575 786 1657 pluris
801 1575 962 1638 adiuturos.
984 1575 1130 1636 'luberetd
1225 1637 1226 1642 ,

99 1660 209 1720 animus
223 1668 292 1737 post
301 1659 489 1738 adoptionem
500 1660 595 1719 statim
604 1667 701 1720 eastra
710 1677 858 1740 occupare
871 1669 1117 1739 oaenanternqne.

98 1744 128 1802 in
146 1742 259 1804 Palatio
277 1742 398 1804 Galbam
413 1741 554 1820 adgredi,
571 1742 626 1803 sed
643 1742 756 1804 obstitit
778 1753 933 1822 respeotus
959 1743 1100 1819 cohortis,

99 1845 175 1907 quae
186 1836 256 1886 tuno
269 1826 441 1906 exeububut,
457 1845 494 1888 ne
505 1835 676 1889 oneraretur
687 1825 804 1905 invidia,
818 1827 895 1907 quod
908 1826 1037 1889 eiusdem
1042 1835 1100 1886 sta·-

59 1915 179 1979 notione
191 1921 221 1971 et
232 1911 320 1977 Gaius
331 1911 554 1973 iuerateeeisus
566 1920 598 1971 et
612 1910 748 1974 desertus
760 1911 850 1973 Nero.
885 1911 1011 1973 biedinm
1029 1929 1099 1989 qrro-

99 2015 156 2076 que
169 2005 283 2077 tempus
293 1995 400 2073 religio
409 2006 441 2056 et
453 1996 596 2059 Seleucus
606 1997 723 2057 exemit.
1002 2030 1005 2037 ·
1107 2028 1108 2031 κ

165 2076 247 2158 Ergo
261 2081 404 2143 destinata
415 2080 474 2159 die,
488 2081 677 2160 praemonitis
688 2082 817 2144 eonsoiis
826 2089 858 2155 ut
869 2100 902 2141 se
921 2082 952 2141 in
967 2079 1033 2140 iuro
1046 2079 1099 2150 suli

98 2164 176 2227 aede
185 2165 299 2228 Saturni
310 2164 510 2227 adbliliarium
519 2182 639 2229 aureum
653 2167 868 2245 opperirentur,
878 2182 964 2227 unaue
979 2162 1100 2225 Galbam

99 2249 249 2327 salutavit,
267 2259 356 2329 utque
374 2258 571 2315 eonsuererut
586 2248 690 2311 oseulo
708 2259 869 2329 ennepius,
885 2250 972 2311 etiam
990 2249 1099 2311 saorili·

58 2362 88 2405 2,
101 2334 319 2395 ouud'interiuit
330 2333 497 2414 audiv-iique
508 2333 659 2414 praediola
669 2334 842 2415 haruspicis.
862 2333 976 2395 Deinde
992 2332 1098 2393 liberto

97 2418 204 2482 adesse
214 2418 392 2481 arebiteetos
402 2422 566 2495 nuntiante,
579 2418 658 2497 quod
671 2420 785 2497 signum
802 2426 996 2492 convenerat,
1016 2416 1098 2493 quasi

96 2502 232 2565 venalem
242 2502 357 2565 domurn
368 2506 555 2582 inspecturus
565 2502 721 2579 abseessit,
735 2503 936 2582 proripuitque
943 2517 976 2559 se
984 2500 1099 2579 postioa

97 2595 183 2667 parte
192 2586 285 2649 Palati
298 2587 546 2659 adeoustituruna
567 2586 628 2645 Alii
645 2585 758 2649 febrem
769 2585 923 2647 sunulnsse
934 2583 1097 2645 aiunteam·

97 2690 157 2751 que
169 2673 387 2734 emanationem
398 2670 540 2749 proximis
559 2668 729 2746 mundasse,
747 2669 773 2731 si
786 2675 984 2747 quaereretur.
1017 2664 1098 2725 Tune
1212 2682 1222 2695 ·

57 2771 87 2815 au
96 2756 214 2817 abditus
226 2772 354 2835 propere
364 2752 498 2815 muliebri
505 2751 626 2815 -sellain
637 2761 732 2813 eustm
744 2750 902 2826 contendit,
915 2768 950 2811 ae
961 2750 1095 2811 delinien-

95 2841 174 2901 tibus
192 2839 343 2901 leetiesris
358 2856 423 2899 eum
438 2836 641 2899 deseendisset
658 2852 831 2914 nuruumque
843 2836 982 2914 cepisset,
997 2834 1096 2897 laxato
1168 2910 1178 2923 .

96 2926 202 2988 nulueo
216 2924 331 3001 restitit,
350 2922 445 2985 donee
456 2922 567 2983 omissa
574 2938 656 2985 mora
668 2920 855 2997 suueollatus,
868 2928 926 2981 eta
940 2929 1095 2997 praesente

96 3012 235 3072 comitutu
248 3009 407 3087 imperator
418 3006 633 3083 eomnlututus,
648 3007 724 3067 inter
744 3004 855 3067 inustas
872 3002 1095 3067 adalunationes

96 3096 277 3173 strictosque
293 3092 409 3171 gladios
425 3091 463 3155 ad
480 3091 623 3171 principia
645 3090 781 3169 devenit,
798 3088 888 3151 obvio
905 3106 1022 3169 quoque
1038 3104 1095 3149 nou

59 3179 183 3241 realiter
194 3196 230 3246 ao
242 3178 267 3239 si
278 3179 416 3250 eonseius
430 3186 460 3237 et
471 3176 620 3256 partioeps
636 3175 715 3237 foret
729 3172 913 3255 adhaerente,
937 3174 981 3237 lbi
997 3173 1096 3236 missis

96 3266 147 3343 qui
165 3262 284 3326 Galbam
296 3271 326 3324 et
337 3261 472 3323 Pisonem
481 3259 722 3337 tmoidurent,·ad
735 3260 934 3323 conciliandos
952 3256 1094 3337 pollicita·

96 3343 225 3409 tionibus
236 3344 355 3409 militum
368 3349 480 3409 animos
490 3344 670 3422 nibilmugis
678 3361 732 3424 pro
750 3346 886 3407 ooulione
905 3349 1027 3403 testaris
1039 3344 1094 3412 est,

16 3494 17 3498 ,
97 3450 185 3512 quarn
195 3430 225 3493 id
236 3431 348 3495 demum
360 3450 393 3495 se
405 3430 577 3508 habitururn,
590 3429 669 3509 quod
681 3428 736 3493 sibi
749 3429 792 3493 illi
805 3427 1000 3569 ‘eliqflflm'
