2475 3775
141 169 249 245 2260.
264 178 414 228 sunrour
429 177 557 238 numo.
572 175 620 226 un
636 177 720 224 vrrs
739 175 925 224 cansarum
936 163 1005 225 ure.
1017 155 1092 226 bur.

141 335 241 399 tiliam.
272 335 365 396 Uxori
379 350 416 394 ac
431 333 510 393 liliae
524 340 677 412 superstes
691 331 758 408 luit,
773 339 861 408 atque
876 338 1026 409 utramque
1040 331 1136 392 adbuc

142 421 271 500 priuatus
286 416 388 478 amisit.
422 417 492 478 Post
506 417 607 488 moris
623 432 776 476 excessum
793 411 969 492 Caenidem,
990 414 1135 477 Antoniae

140 504 273 565 libertam
284 511 448 577 etamanu,
465 501 600 561 dilectam
612 497 823 578 quondamsibi
833 499 986 559 revocavit
996 500 1025 558 iu
1037 509 1132 560 contu
1204 543 1221 592 α

140 587 286 663 bernium,
299 584 455 664 habuitque
466 586 551 646 etiam
562 586 720 662 imperator
732 600 827 663 paene
839 583 932 644 iustae
944 583 1045 643 uxoris
1056 581 1133 644 loco.
1210 591 1214 595 '

112 688 130 742 4
201 670 332 732 Claudio.
341 670 474 750 principe
488 668 619 730 Narcissi
634 667 727 744 gratia
741 667 856 744 legatus
872 667 998 744 legionis
1019 669 1049 726 in
1064 666 1154 728 Ger-s

141 757 263 823 maniam
277 755 381 814 missus
396 762 456 822 est;
473 751 540 812 inde
554 754 583 813 ia
593 752 767 812 Britanniam
778 749 945 827 translatus,
960 750 1061 810 tricies
1073 769 1135 811 cnm

142 841 232 902 hoste
249 839 387 898 condicat.
425 836 505 897 Duas
526 836 718 897 ualidissimas
736 843 842 914 gentes
864 851 1012 914 superque
1035 836 1134 912 uiginti

143 923 251 1004 oppida
268 931 297 982 et
308 921 429 981 insulam
442 923 566 981 Vectem
583 921 745 982 Britanniae
759 920 920 999 proximam
942 919 972 978 in
993 918 1134 980 dicionem
1220 967 1221 990 p

143 1008 274 1084 redegit,
290 1005 393 1086 partim
409 1003 476 1064 Auli
492 1003 585 1066 Plauti
605 1003 698 1082 legati
717 1003 878 1064 consularis
900 1003 1003 1082 partim
1025 999 1134 1064 Claudii
1208 1025 1210 1032 ·

143 1093 234 1172 ipsius
251 1089 349 1149 ductu:
377 1088 475 1163 Quare
489 1087 670 1168 triumphalia
683 1095 849 1148 ornamenta
865 1095 894 1147 et
917 1088 946 1146 iu
967 1086 1052 1146 brevi
1070 1102 1166 1168 spa-so

142 1177 183 1236 tio
198 1173 308 1252 duplex
320 1172 514 1232 sacerdotium
527 1173 653 1251 accepit,
672 1180 824 1250 praeterea
842 1171 1036 1249 consulatum,
1053 1189 1136 1250 quem

142 1260 240 1336 gessit
259 1275 313 1336 per
335 1255 410 1318 duos
431 1258 605 1318 nouissimos
626 1255 691 1316 anni
711 1273 837 1316 menses.
881 1253 1005 1318 lllediuun
1022 1263 1136 1334 tempus

118 1407 121 1419 ¹
142 1342 180 1403 ad
194 1341 432 1424 proconsulatum
446 1359 539 1420 nsque
550 1343 579 1400 in
591 1341 652 1401 otio
666 1357 846 1418 secessuque
855 1341 929 1417 egit,
945 1339 1148 1419 Agrippinam·
1167 1379 1170 1386 ·

143 1429 248 1489 timens
269 1432 417 1505 potentem
439 1425 533 1486 adbuc
548 1423 624 1505 apud
638 1423 727 1486 lilium
740 1434 772 1485 et
786 1423 914 1486 defuncti
931 1441 1050 1502 quoque
1064 1423 1135 1484 Nar·

144 1512 213 1573 cissi
227 1511 312 1573 amici
325 1527 471 1589 perosam.
669 1543 697 1590 .'
1036 1519 1040 1530 ’
1147 1521 1169 1561 1⁵

204 1594 290 1654 Exim
306 1595 426 1654 sortitus
440 1592 586 1669 Africam,
608 1593 798 1671 integerrime
814 1611 870 1653 nec
881 1593 948 1653 sinc
967 1608 1072 1668 magna
1095 1591 1137 1651 di-

144 1679 282 1756 gnatione
295 1677 513 1755 administrarit,
527 1677 582 1736 nisi
596 1677 674 1754 quod
684 1676 850 1738 Hadrumeti
861 1677 1002 1737 seditione
1014 1673 1139 1752 quadum

143 1780 216 1841 rapa
232 1763 261 1820 in
283 1779 347 1821 eum
369 1762 445 1822 iactu
466 1769 540 1821 sunt.
576 1760 673 1823 Rediit
691 1769 772 1822 certe
793 1759 1086 1841 nibilooprdentior,
1108 1768 1140 1820 ut
1220 1809 1221 1824 t

145 1846 202 1927 qui,
217 1863 312 1927 prope
328 1844 503 1910 labefactata
517 1846 573 1906 iam
588 1845 657 1922 lide,
675 1847 768 1907 omnia
782 1844 902 1926 praedia
922 1845 1004 1907 iratri
1026 1842 1138 1923 obliga·
1220 1847 1221 1862 ¹

144 1934 181 1992 rit
195 1930 425 2009 necessarioque
442 1930 478 1991 ad
492 1932 681 2008 mangonicos
695 1939 831 2009 quaestus
845 1929 1033 1993 sustinendae
1044 1927 1136 2006 digni·
1147 1946 1171 1987 ao

144 2016 212 2076 tatis
226 2033 314 2075 cansa
332 2014 531 2084 descenderit;
548 2024 671 2093 propter
688 2015 765 2094 qued
779 2013 867 2092 vulgo
883 2013 998 2076 mulio
1011 2012 1139 2093 vocaba-

144 2108 200 2158 tur.
234 2096 392 2159 Gonvictus
409 2116 525 2177 quoque
540 2098 645 2162 dicitur
659 2098 783 2161 ducenta
800 2099 936 2160 sestertia
950 2098 1139 2178 expressisse

144 2182 312 2257 iuveniori
332 2180 419 2241 latum
443 2182 555 2243 clavum
575 2182 717 2243 adversus
739 2182 830 2262 patris
851 2184 1029 2244 voluntatem
1048 2183 1139 2264 impe·
1219 2180 1220 2187 ’

145 2271 246 2339 trarat,
261 2281 356 2341 eoque
371 2265 486 2324 nomine
501 2267 633 2342 graviter
646 2268 815 2345 increpitus.

167 2412 170 2420 ,
208 2344 448 2424 Peregrinatione
462 2346 590 2410 Achaica
605 2350 682 2410 inter
697 2351 819 2413 comites
834 2350 975 2429 Neronis,
992 2370 1056 2412 curn
1072 2368 1171 2415 can-as

145 2439 225 2493 tante
241 2438 280 2491 eo
296 2439 344 2491 aut
357 2429 521 2493 discederet
534 2434 652 2513 saepius
671 2444 717 2495 aut
733 2452 874 2513 praesens
896 2434 1141 2512 obdormisceret,

146 2515 501 2595 gravissimamcontraxit
515 2516 666 2595 offensam,
681 2517 901 2599 prohibitusque
913 2538 971 2581 non
984 2519 1140 2589 contuber-

146 2602 197 2661 nio
210 2598 298 2661 modo
313 2596 366 2659 sed
382 2598 467 2659 etiam
479 2600 595 2678 publica
609 2603 799 2680 salutatione,
823 2606 949 2664 secessit
967 2606 997 2664 in
1019 2622 1141 2684 parvam

148 2702 183 2745 ac
198 2684 311 2746 deviam
327 2682 479 2760 civitatem,
496 2685 592 2766 quoad
611 2685 711 2747 latenti
731 2689 874 2767 etiamque
896 2697 1027 2749 extrema
1047 2697 1140 2749 metu·
1217 2698 1218 2733 ἐ

148 2769 207 2827 cuti
220 2768 372 2846 provincie
387 2785 451 2827 cum
468 2770 598 2829 exercitu
612 2770 710 2833 oblata
724 2780 779 2832 est.
808 2758 810 2771 ’
1149 2792 1174 2834 aa

211 2850 423 2911 Percrebuerat
438 2850 555 2912 Oriente
572 2862 633 2914 toto
650 2865 733 2916 retus
747 2863 777 2916 et
792 2864 929 2918 constans
943 2857 1056 2937 opinio,
1072 2874 1142 2917 esse

148 2934 177 2992 in
193 2932 259 2993 latis
273 2942 304 2993 ut
318 2951 355 2993 eo
370 2944 502 3014 tempore
518 2934 624 2997 ludaea
638 2939 764 3015 proiecti
783 2958 879 3001 rerum
903 2944 1078 3019 potirentur.
1108 2939 1144 2999 Id
1169 2930 1177 2947 ⁹
1216 2952 1217 3003 l

149 3015 185 3077 de
199 3017 377 3094 imperatore
391 3017 534 3096 Romano,
549 3029 683 3100 quantum
699 3032 801 3102 postea
814 3034 919 3085 eventu
932 3027 1038 3104 paruit,
1055 3043 1143 3105 prae

151 3099 255 3161 dictum
267 3098 366 3161 ludaei
382 3102 419 3162 ad
435 3121 468 3162 se
483 3104 631 3165 trabentes
646 3106 831 3186 rebellarunt,
848 3124 995 3189 caesoque
1013 3126 1143 3189 praepo·

151 3183 207 3267 sito
223 3183 349 3261 legatum
365 3185 484 3263 insuper
500 3188 601 3263 Syriae
616 3190 797 3251 consularem
811 3196 962 3273 suppetias
984 3194 1177 3266 retentemus
1215 3221 1216 3235 π

149 3275 232 3347 rapta
250 3266 362 3345 aquila,
382 3266 565 3343 fugaverunt.
599 3272 647 3332 Ad
670 3272 746 3336 bunc
767 3284 874 3337 motum
893 3276 1146 3357 comprimendum

150 3370 214 3411 oum
230 3349 361 3411 exercitu
375 3350 515 3429 ampliore
529 3364 559 3415 et
572 3373 634 3416 nou¹
646 3357 794 3421 instrenuo
808 3359 893 3438 duce,
910 3362 956 3422 cni
970 3370 1069 3422 tamen
1079 3368 1145 3421 tuto

149 3444 226 3496 tanta
240 3454 289 3495 res
306 3435 545 3513 committeretur,
561 3455 636 3516 opus
654 3450 749 3521 esset,
770 3445 836 3523 ipse
858 3446 1037 3522 potissimum
1060 3443 1146 3506 dele·
