2475 3775
140 125 203 188 206
225 138 255 186 c.
272 139 421 188 sunnam
439 139 566 200 nunno.
581 140 629 186 nu
646 141 1087 226 vnuucnnsnnuun1n.v11.

55 294 60 313 ¹
140 278 378 359 praefinitumque
391 287 514 357 tempus.
537 277 683 339 lodicibus
695 287 806 342 sentam
815 280 961 344 decuriam
978 281 1052 342 adici
1064 301 1135 361 pre·

37 371 44 384 “
141 362 271 426 cantibus
281 379 339 420 non
350 362 436 431 modo
445 364 572 443 negavit,
585 361 637 422 sed
647 371 676 421 et
688 375 858 424 concessum
869 364 1012 427 aclaudio
1021 366 1135 430 beneu-

141 449 223 524 cium,
235 465 272 505 ne
283 446 376 505 bieme
388 447 525 525 initioque
538 448 605 506 anni
617 446 653 506 ad
663 446 842 511 iudicandum
852 459 1062 526 evocarentur,
1075 453 1134 513 en·-

97 540 131 593 15
140 532 210 611 puit.
240 529 465 593 Existimabatur
476 533 560 591 etiam
571 532 716 604 senatoria
728 535 909 612 etequestria
921 533 1019 618 oifipia
1033 533 1135 594 bienni
1224 555 1226 580 t

86 624 93 645 ’
139 615 233 694 spatio
246 613 494 693 determinaturus,
503 633 561 674 nec
572 615 688 677 daturus
700 615 756 674 nisi
767 617 862 675 invitis
874 635 908 676 ac
919 617 1133 678 recusantibus.
1147 633 1161 674 s

138 699 482 776 Liberalitatesllerouis,
491 699 622 778 nonplus
630 699 748 759 decimis
758 701 918 776 concessis,
929 719 983 780 per
992 693 1133 780 quiuqua-

138 785 218 861 ginta
234 772 348 869 equites
360 783 402 844 ll⁸⁴
412 801 447 844 ea
460 783 632 844 condicione
644 783 826 844 revocandas
837 787 949 844 curavit
960 785 1133 862 exigendas·

51 913 53 917 .
140 886 205 947 que,
213 877 243 926 ut
256 877 285 926 et
293 870 317 926 si
325 867 527 945 quidecaenici
534 863 1133 946 autxysticidonatumoliiuvendidissent,
1155 867 1159 878 '

138 952 300 1015 auferretur
321 951 514 1030 emptoribus,
538 952 651 1030 quando
669 952 712 1012 illi
728 952 822 1030 pretio
841 952 994 1032 absumpto
1011 951 1133 1013 solvere

135 1036 311 1114 nequirent..
384 1096 396 1104 ,
1144 1051 1168 1090 ro

199 1118 239 1178 At
250 1128 351 1183 contra
362 1119 431 1179 nihil
440 1121 686 1200 nonpercomites
697 1119 913 1198 atquelibertos
922 1122 1016 1200 pretio
1024 1119 1133 1198 addici,

137 1212 185 1263 aut
200 1203 300 1278 donari
312 1197 534 1282 ·gratiapassus
546 1213 605 1282 est,
624 1204 779 1282 vectigalia
796 1201 1002 1281 immunitates,
1019 1221 1134 1284 poenas

136 1288 332 1357 innocentium
343 1290 526 1366 impunitates
535 1291 696 1348 noxiorum.
717 1289 897 1365 Quinetiam,
914 1287 1134 1370 populollde-
1203 1289 1207 1296 “

64 1141 88 1223 ”a

135 1458 217 1518 nonis
230 1456 387 1517 emissariis
398 1457 447 1517 vel
457 1457 738 1519 maleficentissimos
749 1457 909 1516 incolumes
929 1459 1070 1535 praestitit
1088 1465 1168 1516 atus

137 1559 192 1620 que
205 1543 323 1619 insuper
334 1540 467 1601 Halotum
479 1543 685 1619 procuratione
696 1540 871 1620 amplissima
883 1542 1006 1618 ornavit,
1018 1557 1071 1620 pro
1081 1539 1134 1602 Ti·

136 1625 239 1701 gillino
253 1627 338 1684 etiam
349 1622 490 1684 saevitiae
504 1625 643 1704 populum
656 1623 752 1685 edicto
762 1626 916 1703 increpuit.

94 1717 129 1772 16
197 1708 253 1768 Ber
263 1707 338 1768 baec
349 1726 443 1787 prope
455 1709 597 1770 universis
615 1708 763 1770 ordinibus
782 1709 924 1786 offensus,
945 1707 992 1768 val
1014 1709 1135 1786 praeci-

136 1791 345 1871 puallagrabat
356 1793 462 1855 invidia
474 1794 550 1872 apud
560 1792 681 1853 milites,
698 1791 772 1853 Nam
785 1810 848 1870 curu
858 1795 887 1852 in
898 1793 988 1852 verba
1005 1793 1066 1852 eius
1080 1791 1135 1850 ab·

137 1879 228 1937 sentis
238 1877 398 1939 iurantibus
414 1874 579 1940 donativum
590 1877 727 1955 grandius
737 1877 825 1938 solito
834 1878 994 1957 praepositi
1003 1894 1132 1955 pronun·
1143 1900 1170 1941 ao

136 1964 267 2038 tiassent,
279 1980 377 2042 neque
386 1972 477 2024 ratam
487 1983 548 2030 rem
559 1959 660 2023 habuit
671 1971 699 2022 et
710 1961 831 2022 subinde
843 1963 970 2037 iactavit,
983 1961 1085 2039 lepore
1096 1978 1134 2021 oe
1225 2026 1226 2031 γ

135 2045 276 2121 militem,
301 2064 365 2107 non
380 2065 480 2107 emere
494 2064 661 2108 consuesse
667 2070 683 2117 ,·
708 2054 794 2125 atque
810 2063 853 2106 eo·
875 2044 991 2124 quidem
1014 2045 1133 2104 nomine
1225 2036 1226 2103 l

137 2129 244 2204 omnis,
262 2132 310 2205 qni
322 2129 429 2209 ubique
440 2140 538 2207 erant,
551 2129 746 2189 exacerbavit.
780 2128 1133 2208 Geterumpraetorianos
1225 2124 1226 2127 ’

136 2212 222 2270 etiam
233 2219 310 2269 metu
322 2221 352 2271 et
362 2213 531 2289 indignitate
544 2216 709 2289 commovit,
721 2232 875 2273 removens
885 2212 1006 2286 subinde
1016 2212 1131 2290 pleros·
1225 2214 1226 2283 ζ

81 2297 84 2308 “
133 2312 204 2373 que,
216 2302 246 2353 ut
257 2304 414 2373 suspectos
421 2306 455 2356 et
464 2296 619 2374 Nymphidi
632 2300 742 2358 socios.
756 2323 759 2329 r
773 2296 832 2357 Sed
847 2299 970 2358 maxime
988 2294 1169 2355 fremebatas
1225 2330 1226 2341 κ

136 2379 298 2457 superioris
310 2377 479 2439 Germaniae
495 2382 653 2457 exercitus,
667 2381 793 2444 fraudari
811 2400 843 2441 se
862 2382 990 2461 praemis
1007 2389 1132 2440 navatae

134 2463 275 2525 adversus
291 2462 392 2524 Gallos
403 2473 432 2523 et
443 2466 595 2532 Vindicem
606 2463 727 2543 operae.
754 2464 836 2542 Ergo
855 2468 939 2545 primi
959 2464 1132 2543 obsequium

133 2566 269 2627 rumpere
282 2550 355 2625 ausi,
367 2547 414 2609 Kl.
426 2547 485 2607 lan.
499 2548 577 2625 adigi
586 2558 773 2613 sacramento
785 2551 841 2609 nisi
853 2550 882 2609 in
895 2566 1000 2611 nomeu
1012 2546 1131 2609 senatus

125 2635 465 2712 ‚recusaruntstatimque
476 2632 652 2711 legationem
671 2632 706 2693 ad
724 2627 924 2711 praetorianos
937 2652 999 2693 cum
1015 2631 1131 2691 manda·

133 2718 172 2776 tis
190 2715 418 2795 destinaverunt,
437 2716 602 2796 displicere
618 2718 837 2796 imperatorem
856 2718 890 2779 in
902 2715 1058 2795 Hispania
1074 2714 1130 2793 fn·
1141 2733 1170 2773 no

85 2808 90 2813 ·
135 2804 215 2856 etant
220 2824 235 2868 ;
251 2800 397 2878 eliperent
408 2802 472 2879 ipsi
484 2819 572 2881 quem
587 2802 689 2864 cameli
708 2802 862 2861 exectum
881 2797 1131 2881 comprobarent.

92 2880 221 2952 llssuod
240 2892 281 2948 ut,
294 2887 450 2947 nuntiatum
473 2895 534 2962 est,
555 2888 707 2965 despectui
731 2902 875 2969 essenon
898 2891 958 2947 talu
980 2892 1132 2949 senectam

49 3026 52 3030 .
130 2973 214 3021 suam
231 2982 313 3043 mam
326 2968 478 3029 orbitatem
494 2979 590 3047 ratus,
612 2970 748 3031 Pisonem
764 2968 853 3046 Frugi
870 2968 1062 3045 Licinianum,
1075 2984 1132 3026 no-

126 3045 222 3105 bilem
235 3051 444 3133 egregiumrpre
456 3057 634 3120 iuvenemac
642 3054 701 3114 sibi
714 3053 783 3113 olim
795 3053 1030 3133 probatissimum
1041 3060 1132 3111 testa-

21 3205 25 3211 ·
126 3138 288 3209 mentoque
300 3149 416 3211 semper
427 3139 456 3194 in
465 3137 542 3198 bona
554 3147 583 3197 et
598 3156 704 3198 nomen
722 3138 878 3217 adscitum,
897 3147 1052 3218 repentes
1068 3153 1130 3205 me·
1141 3146 1172 3187 3⁵

131 3211 182 3273 dia
205 3215 386 3275 salutantium
406 3219 489 3279 turba
511 3221 700 3300 adprehendit
717 3222 861 3301 filiumque
883 3221 1039 3301 appellans
1059 3237 1129 3299 per·

124 3296 215 3358 duxit
239 3302 268 3358 in
288 3308 382 3358 castra
400 3318 436 3359 ac
453 3319 506 3378 pro
527 3308 663 3365 contione
682 3294 844 3384 adoptavit}
870 3315 993 3377 netunc
1011 3302 1129 3384 quidem

119 3380 262 3443 ,donativi
280 3381 339 3442 ulla
353 3384 499 3443 mentione
515 3387 600 3447 iacta.
634 3390 698 3465 Quo
712 3390 871 3451 faciliorem
890 3391 1076 3473 occasionem
1089 3386 1131 3449 bl.
