2475 3775
131 149 189 213 138
220 163 250 211 c.
267 160 417 210 sunrour
431 157 558 218 saeuo.
574 157 622 204 on
638 154 721 206 vrso
736 153 920 202 consenum
935 152 1004 200 mu.
1017 153 1083 238 mr.

130 338 186 399 qne
201 313 560 396 praetorianosexercuit,
580 310 659 370 nullo
671 327 766 372 rerum
781 304 832 371 'aut
851 309 995 370 hominum
1014 325 1131 386 genere

79 422 82 428 ’
130 404 254 478 omisso,
271 400 327 465 seui
352 414 410 458 uon
430 395 528 456 tributi
551 393 658 474 aliquid
684 396 857 473 imponeret.
902 393 958 454 Pro
983 391 1131 472 edulibus,
1151 457 1153 461 ,

129 503 205 564 quae
217 492 278 544 tota
291 477 527 555 urbe'uenirent‚
551 488 661 540 certum
682 487 850 557 statumque
863 478 1050 556 exipsorum
1072 495 1131 556 pro

130 568 226 629 litibus
247 585 282 626 ac
300 565 414 624 iudiciis
439 564 612 642 ubicumque
634 565 784 642 conceptis
805 562 1025 642 quadragesima
1049 579 1129 622 sum-

129 670 209 729 mae,
234 649 280 716 =de
297 665 353 728 qua
372 649 550 728 litigaretur,
562 663 640 708 ,uec
655 647 717 706 sine
736 657 847 725 poeneq
878 648 984 726 siquis
1008 663 1156 724 compo-c

129 736 226 795 suisse'
244 732 293 793 vel
316 733 441 792 donasse
459 732 607 807 negotium
630 733 875 812 ‹continueretun¹
898 747 936 790 ex
960 729 1130 808 gerulorum
1235 773 1236 782 2

128 819 237 879 diurnis
267 814 434 894 quaestibus
463 831 533 892 pars
553 818 672 884 octaua3
700 831 741 892 eu¹
762 815 888 894 capturis
911 817 1130 892 prostitutarum

130 911 264 981 quamam
286 912 431 978 quaeque
447 914 504 957 uno
536 897 691 958 concubitu
715 906 858 967 'merorem
887 899 1069 978 additumque
1091 897 1129 960 ad

131 992 216 1062 caput
230 982 322 1060 legis,
340 991 370 1041 ut
382 989 550 1042 tenerentur
559 980 692 1060 publico
701 990 730 1042 et
741 999 818 1060 quae
834 984 1025 1042 meretricium
1040 983 1128 1062 quive

129 1067 302 1127 lenocinium
316 1063 466 1140 iecissent,
488 1082 544 1124 nec
558 1081 617 1125 non
632 1073 661 1124 et
678 1068 858 1130 matrimonia
872 1065 998 1128 obnoxia
1014 1075 1168 1128 essentie

89 1150 201 1219 vllllius
220 1149 307 1210 modi
318 1147 512 1226 uectigalibus
531 1148 644 1210 indietis
665 1164 764 1226 neque
782 1150 958 1229 propositis,
980 1162 1056 1212 'cum
1073 1169 1130 1230 per

131 1235 322 1310 ignorantiam
339 1235 499 1312 scripturae
513 1232 600 1303 multa
614 1235 767 1316 commissu
782 1233 898 1312 flerent,
917 1235 1030 1296 tandem
1045 1234 1129 1312 llagi·

130 1326 209 1393 tante
231 1317 340 1396 populo
362 1317 515 1396 proposuit
537 1315 651 1394 quidem
674 1317 786 1395 legem,
815 1317 867 1378 sed
886 1325 915 1378 et
934 1319 1129 1398 minutissimis

131 1401 233 1461 litteris
250 1409 282 1460 et
306 1401 508 1478 angustissimo
533 1400 617 1478 loco,
640 1401 680 1462 uti
698 1419 736 1460 ue
757 1402 802 1461 oui
822 1401 990 1464 describere
1013 1401 1128 1464 liceret.

131 1483 176 1544 Ao
190 1503 228 1544 ne
241 1483 327 1563 quod·
340 1501 399 1544 nou
413 1483 607 1544 manubiorum
627 1500 720 1562 gerne
741 1487 936 1564 experiretur,
949 1487 1166 1567 lupanarium

131 1567 241 1627 Palatio
267 1569 422 1645 constituit,
444 1567 641 1647 distinctisque
658 1577 692 1633 ,et
706 1570 853 1630 instructis
878 1588 931 1648 pro
957 1570 1017 1631 loci
1037 1571 1129 1648 digni·

129 1659 189 1710 tute
205 1650 401 1728 compluribus
418 1652 518 1729 cellis,
540 1650 684 1732 inquibus
705 1660 852 1714 matronae
871 1654 1047 1736 ingenuique
1070 1663 1129 1714 sta·

113 1742 210 1809 rent,
231 1734 308 1793 misit
328 1736 435 1795 circum
449 1735 515 1796 iera
536 1745 565 1796 et
579 1735 714 1796 basilicas
729 1737 982 1803 nomeneulatores
1002 1739 1037 1798 ed
1056 1733 1128 1798 inv'i-

130 1817 234 1878 tandos
253 1817 291 1879 ad
313 1818 457 1880 libidinem
477 1820 596 1880 iuuenes
615 1833 776 1901 senesque;
798 1821 930 1901 praebita
951 1823 1128 1891 advenienti?
1235 1879 1236 1884 ,

131 1901 185 1961 hus
202 1903 324 1981 pecunia
344 1904 488 1981 fenebris,
514 1904 700 1983 appositique
716 1905 764 1984 qui
779 1907 893 1968 nomine
910 1908 1004 1985 palam
1022 1906 1166 1967 subeo-ao
1235 1968 1236 1987 p

130 1994 240 2063 tarent,
262 1988 345 2066 quasi
364 1988 554 2049 adiuuantium
575 1986 709 2068 Caesaris
732 1988 851 2049 reditus.
894 1991 939 2051 Ac
954 2002 991 2050 ne
1010 2008 1047 2051 ex
1063 1990 1129 2050 lusu
1235 2008 1236 2011 ¹

131 2067 247 2144 quidem
267 2070 350 2129 aleae
376 2071 575 2149 compendium
597 2089 757 2149 spernens,
782 2073 847 2152 plus
869 2074 1019 2134 mendacio
1041 2083 1130 2153 atque

130 2151 217 2208 etium
234 2154 373 2227 periurio·
386 2153 559 2235 lucrabatur.
601 2154 639 2215 m
660 2152 802 2235 quondam
826 2160 958 2237 proximo
980 2158 1130 2218 conlusori

131 2231 300 2294 demandata
313 2236 380 2294 viee
399 2254 450 2295 sua
468 2254 644 2315 progressus
658 2241 687 2297 in
704 2242 803 2300 atrium
823 2241 939 2321 domus,
964 2260 1026 2303 cum
1043 2260 1129 2320 pree·

72 2316 75 2321 ’
130 2316 270 2383 tercuntis
290 2316 365 2380 duos
386 2321 498 2396 equites
518 2321 554 2381 ll.
569 2319 724 2406 locupletis
738 2327 807 2384 'sine
827 2344 908 2386 mora
930 2326 1036 2404 corripi
1058 2339 1168 2385 oon-es

79 2432 81 2442 ·
132 2398 285 2477 liscarique
305 2401 452 2486 iussisset,
479 2403 610 2463 exultans
639 2405 723 2466 rediit
749 2408 951 2489 gloriansque,
976 2426 1129 2488 numquam

132 2501 164 2542 se
180 2486 368 2563 prosperiore
380 2485 445 2547 elea
459 2505 549 2547 usum.
591 2524 593 2528 -
675 2512 685 2534 ν
706 2520 708 2525 ·

88 2568 124 2623 42
193 2566 267 2629 Filia
281 2566 354 2628 uero
368 2579 451 2644 natu,
474 2580 674 2656 paupertatem
695 2593 750 2637 nec
764 2576 819 2635 iem
841 2576 1024 2655 imperatoria
1039 2577 1128 2637 modo

131 2650 184 2709 sed
198 2660 228 2710 et
244 2653 340 2731 patriax
351 2670 534 2732 conquerens
549 2674 654 2734 onere,
673 2658 852 2719 conlationes
872 2661 900 2720 in
914 2660 1077 2721 alimonium
1092 2679 1129 2721 ac
1178 2686 1180 2691 ·

130 2732 227 2792 dotem
248 2736 362 2814 puellae
382 2739 504 2817 recepit.
547 2739 645 2802 Edixit
666 2751 695 2801 et
716 2751 827 2817 strenus
852 2744 968 2809 ineunte
992 2762 1068 2804 auno
1093 2762 1127 2803 se
1138 2754 1168 2797 3ο
1213 2809 1217 2815 ,

52 2898 59 2905 Ι
129 2824 313 2892 recepturum
327 2821 461 2900 stetitque
474 2824 504 2881 iu
522 2824 666 2885 vestibulo
683 2824 795 2886 aedium
818 2824 864 2887 lll.
879 2826 988 2888 lanae
1010 2836 1127 2906 captan-

130 2896 183 2955 das
202 2900 312 2976 stipes,
332 2920 404 2979 quus
420 2906 515 2983 plenis
531 2917 597 2968 ante
612 2926 677 2968 eum
693 2906 821 2969 manibus
837 2928 872 2970 ao
888 2912 950 2970 sinu
967 2912 1059 2971 omnis
1073 2928 1128 2988 ge·

129 2980 207 3051 neris
235 2981 318 3042 turlsa
346 2985 491 3049 fundebat.
518 2988 699 3053 'Novissime
729 2994 952 3055 contrectandae
984 2995 1129 3073 pecuniae

128 3060 261 3161 cupidipe
276 3066 426 3147 incensus,
447 3090 538 3150 saepe
552 3093 642 3153 super
658 3077 812 3135 immensos
829 3094 981 3163 aureorum
1000 3095 1129 3139 aceruos

128 3148 325 3223 patentissimo
350 3150 470 3213 diffusos
484 3156 553 3216 loco
575 3168 605 3217 et
624 3157 706 3218 nudis
722 3158 843 3238 pedibus
861 3163 1004 3241 spatiatus
1018 3172 1053 3223 et
1063 3171 1128 3225 toto
1139 3171 1169 3214 ³⁵

129 3246 256 3315 corpore
271 3230 433 3310 aliquandiu
449 3238 593 3301 uolutatus
610 3250 665 3301 est.
863 3304 866 3312 ,
1235 3280 1236 3289 1

84 3316 121 3373 43
188 3312 315 3376 diditiain
339 3332 446 3395 resque
467 3319 589 3383 bellicas
612 3320 707 3385 semel
728 3328 837 3406 attigit,
860 3340 938 3408 nequ
979 3349 1017 3389 ex
1037 3330 1129 3391 desti·
1235 3364 1236 3389 l

128 3404 203 3474 nuto,
221 3398 275 3460 sed
290 3418 354 3459 cum
370 3400 406 3460 ad
418 3402 566 3466 uisendum
580 3426 680 3470 nemus
696 3408 858 3493 flumepque
878 3412 1011 3475 Clitumni
1026 3413 1130 3477 meva-
1235 3420 1236 3423 ’

47 3651 113 3663 Δ

779 3593 786 3615 l
875 3608 881 3615 ι
980 3570 982 3579 ¹

11 3671 39 3741 Ι
122 3670 159 3741 ι
325 3699 330 3712 r
1030 3697 1033 3703 .
