2475 3775
143 151 202 212 130
229 157 731 225 consummandorum
749 139 1108 212 esssnsuuurs.1111.'
1134 143 1141 164 '

140 319 348 388 educabantur;
374 336 443 379 mox
462 317 550 379 lucio
574 316 677 397 Cassio
705 317 836 395 Longino
867 317 1011 378 consulari
1039 317 1139 378 conlo·

140 401 367 464 eatam‘abduxit
384 411 415 462 et
437 403 466 462 in
484 401 599 462 modum
623 404 716 464 iustae
737 404 837 463 uxoris
874 401 1138 481 repelamlrabuiu

136 486 275 548 heredem
290 504 405 567 queque
420 486 562 546 honorum
577 495 663 566 atque
677 487 791 566 imperii
814 419 905 562 aeger
923 486 1051 546 instituit.
1082 485 1138 546 Ea-

138 571 203 632 dem
217 570 367 650 defuncta,
394 571 530 632 iustitium
550 569 668 647 indixit,
698 572 726 630 in
747 587 805 651 quo
826 571 927 630 risisse
948 569 1057 630 lavisse
1073 588 1138 630 eae-

137 673 222 716 uasse
238 672 302 719 cum
316 655 485 736 parentibus
506 663 555 717 aut
572 657 696 732 coniuge
714 655 852 716 liberisue
872 653 979 734 capital
995 654 1057 714 iuit.
1092 654 1164 714 Aen

136 740 277 801 maeroris
292 740 460 820 impatiens,
490 757 554 799 cum
572 749 696 819 repente
711 749 799 800 noctu
816 739 998 819 profugisset
1013 737 1049 800 ab
1065 739 1138 797 urbe

135 825 449 903 transcucurrissetque
467 822 669 903 Campaniam,
689 824 850 899 Syracusas
868 825 954 903 petit,
969 840 1138 902 rursusque
1156 839 1159 844 ·

135 904 202 970 iude
228 925 356 989 propere
371 908 479 987 rediit,
506 907 597 970 barba
621 906 786 989 capilloque
813 908 974 989 promisso;
1001 925 1057 968 nee
1080 924 1138 966 um·

134 1011 220 1072 quem
237 1003 341 1072 postea
354 993 590 1073 quantiscumque
605 993 643 1054 de
657 991 764 1070 rebus,
795 1010 833 1054 ue
848 1010 903 1072 pro
920 992 1056 1054 contione
1079 992 1140 1069 qui·

135 1079 201 1138 dem
217 1076 320 1155 popull
330 1086 378 1137 aut
393 1077 469 1162 apud
482 1078 605 1153 milites,
630 1077 686 1137 nisi
704 1095 758 1156 per
773 1095 878 1138 numen
893 1075 1039 1138 Drusillae
1059 1074 1137 1136 deie·
1148 1085 1173 1126 ¹⁰

135 1156 219 1220 ravit.
261 1159 403 1239 Reliquas
422 1178 541 1222 sorores
558 1179 614 1222 uec
629 1159 785 1241 eupiditate
804 1169 955 1222 tartense
971 1159 1139 1237 dignatione

136 1243 253 1320 dilexit,
285 1251 315 1303 ut
334 1261 406 1323 quas
424 1263 518 1324 saepe
533 1245 660 1308 exoletis
682 1244 741 1308 suis
755 1246 961 1325 prostraverit;
989 1261 1046 1324 quo
1067 1243 1137 1303 laei-

134 1327 189 1388 lius
207 1345 259 1388 eas
275 1328 305 1390 iu
321 1346 409 1390 causa
424 1328 531 1390 Aemili
549 1328 650 1409 Lepidi
673 1329 875 1390 condemnarit
889 1329 970 1410 quasi
993 1323 1138 1389 adulteras

134 1420 171 1471 et·
178 1410 344 1472 insidiarum
355 1413 493 1474 adversus
504 1431 540 1473 se
554 1413 689 1474 conscias
700 1415 737 1473 ei.
755 1412 819 1476 Nec
832 1413 926 1474 selum
941 1410 1138 1490 chirographa

134 1498 273 1573 omnium,
314 1498 454 1577 requisita
479 1496 581 1561 fraude
605 1515 642 1558 ae
669 1506 788 1576 stupro,
819 1497 993 1575 divulgavit,
1027 1494 1081 1556 sed
1106 1503 1137 1554 et
1147 1509 1171 1549 ts

133 1589 194 1640 tres
209 1579 324 1657 gladios
337 1582 366 1641 iu
380 1599 483 1642 necem
497 1599 577 1642 suam
593 1590 784 1662 praeparatos
798 1582 881 1644 Marti
897 1582 1008 1658 Ultori,
1037 1579 1134 1641 addito

134 1663 249 1741 elogio,
278 1667 472 1727 consecrarit.

27 1771 32 1779 ’
91 1754 125 1809 25
195 1747 373 1810 lintrimouin
397 1750 576 1811 contraxerit
595 1751 707 1832 turpius
722 1745 767 1813 'an
783 1749 922 1812 dimiserit
940 1768 976 1812 eu
996 1748 1135 1823 tenuerit,

51 1844 54 1849 ’
133 1848 191 1892 uon
207 1842 252 1893 est
265 1833 353 1896 facile
373 1832 567 1897 discemere:
595 1834 703 1897 Liviam
726 1833 892 1899 Orestillam
908 1832 941 1899 0.
962 1834 1059 1895 Pisoni
1083 1849 1134 1893 uu·
1185 1847 1188 1854 ’

133 1916 263 1995 beutem,
295 1920 420 1981 eumad
445 1920 572 1982 oillcium
601 1930 631 1980 et
657 1921 727 2001 ipse
747 1923 891 1997 venisset,
922 1919 957 1980 ad
980 1938 1012 1979 se
1033 1916 1173 1978 dedueino

132 2003 302 2079 imperavit,
331 2005 463 2083 intraque
492 2022 603 2083 paucos
633 2004 695 2065 dies
724 2004 903 2085 repudiatam
931 2002 1046 2064 biennio
1069 2008 1138 2080 post
1228 2058 1229 2061 ,

132 2084 293 2161 relegarit,
326 2086 404 2164 quod
419 2090 566 2167 repetisse
587 2107 669 2150 usum
690 2088 796 2168 prioris
810 2090 906 2151 ,meriti
924 2096 1056 2166 tempore
1076 2102 1137 2144 me·

133 2166 181 2225 dio
198 2166 358 2229 ridebatur.
392 2169 452 2230 Alit
466 2171 591 2249 madunt,
615 2172 770 2236 adhibitum
786 2190 896 2233 caenae
910 2170 1037 2251 nuptiali,
1058 2186 1137 2229 man-

133 2249 218 2310 dasse
233 2249 269 2312 ad
281 2252 416 2314 Pisonem
431 2262 532 2316 contra
550 2255 782 2317 recumbentem:
806 2254 881 2321 Noli
893 2274 1023 2318 onorem
1035 2270 1138 2314 meum

129 2337 290 2413 proruere!
315 2337 469 2419 statimque
485 2356 504 2399 e
519 2340 654 2401 convivio
670 2339 826 2405 abduxisse
840 2358 939 2401 secum
952 2358 988 2400 ae
1001 2339 1137 2419 proximo
1147 2354 1175 2395 ae

126 2418 178 2509 ‘die
195 2420 338 2499 edixisse,
366 2422 594 2485 monimooium
606 2422 671 2485 eibi
682 2432 838 2505 repertum
858 2424 997 2504 meapte
1013 2420 1141 2485 eomuu

132 2508 163 2564 et
175 2500 315 2588 depasti.
349 2504 470 2568 Lolliam
485 2506 647 2587 Paulinam,
679 2509 711 2570 0.
727 2509 861 2571 llemmio
885 2508 1029 2571 consulari
1051 2523 1138 2567 exer·

132 2590 206 2649 citus
219 2591 335 2668 regenti
353 2600 486 2672 nuptam,
512 2592 590 2654 iacta
603 2597 751 2656 mentione
768 2596 851 2655 ariae
867 2595 928 2654 eius
943 2602 974 2654 ut
993 2590 1139 2672 quondam

131 2671 360 2754 pulcherrimae,
389 2677 485 2738 subito
507 2694 547 2737 ex
567 2680 720 2756 provincia
743 2680 879 2739 evocavit
906 2694 941 2739 ee
967 2676 1138 2757 perductam

128 2759 269 2817 amarite
294 2763 442 2822 coniunxit
465 2759 535 2841 sibi,
568 2761 710 2845 brevique
730 2766 846 2825 missam
865 2763 954 2840 iecit,
979 2759 1175 2821 interdictoeo

131 2837 296 2917 cuiusquam
310 2845 338 2902 in
354 2853 526 2926 perpetuum
549 2846 637 2907 coitu.
682 2845 853 2908 Caesoniam
873 2864 969 2926 neque
994 2843 1071 2904 facie
1095 2842 1137 2899 in·

131 2920 207 2995 sigui
223 2939 318 3001 neque
334 2938 429 3002 aetate
442 2932 557 3008 integra
579 2938 756 3011 matremque
770 2932 826 2991 iam
845 2948 884 2990 ex
898 2930 955 2990 alio
972 2928 1035 2989 viro
1051 2925 1138 2987 trium
1224 2972 1225 2985 ,

129 3003 268 3081 filiarum,
297 3008 349 3068 sed
361 3010 491 3074 luxuriae
512 3032 547 3075 ae
562 3013 700 3076 lasciviae
722 3015 869 3093 perditae,
891 3022 920 3074 et
942 3013 1091 3074 ardentius
1108 3018 1139 3071 et

131 3090 307 3149 coustantius
327 3099 443 3174 amarit,
465 3107 496 3157 ut
516 3116 607 3178 saepe
631 3097 754 3159 clamide
770 3100 908 3180 peltaque
929 3106 960 3159 et
979 3097 1067 3175 galea
1088 3112 1137 3155 or·
1223 3103 1224 3153 t

129 3178 223 3232 natam
252 3190 289 3233 ee
317 3177 394 3238 iuxta
422 3180 635 3259 adequitantem
662 3181 797 3243 militibus
825 3182 1002 3259 ostenderit,
1034 3181 1175 3241 amieises
1223 3156 1224 3246 l

129 3274 201 3317 rero
230 3258 316 3317 etiam
345 3260 461 3332 nudam;
491 3268 594 3326 uxorio
623 3269 738 3327 nomine
763 3267 780 3303 i·
810 3267 943 3345 dgnatus
973 3274 1019 3326 est
1050 3264 1137 3343 quam

130 3342 256 3419 enixam,
285 3358 343 3404 une
364 3351 450 3422 atque
466 3346 570 3409 eodem
585 3350 632 3410 die
655 3353 806 3430 protessus
824 3361 854 3411 et
867 3352 999 3412 maritum
1019 3367 1053 3409 se
1071 3349 1137 3407 eius
1221 3324 1223 3479 p

130 3432 160 3481 et
180 3435 294 3523 patrem
326 3426 442 3489 infantis
470 3446 508 3490 ex
533 3450 567 3493 ea
590 3445 686 3496 uates.
729 3434 870 3498 Infantem
893 3445 1006 3513 autem,
1031 3434 1137 3495 Iuliam
