2475 3775
162 130 221 192 160
266 141 296 189 o.
309 142 460 192 sunnour
474 143 600 202 ummo.
615 102 761 196 numus
776 140 958 194 chasanum
972 119 1041 191 nra.
1053 144 1087 193 v.
1132 157 1137 230 '.

161 298 272 358 sionem
286 313 406 371 verens,
431 298 463 356 'et
477 297 605 375 Appium
619 295 746 361 Caecum
769 291 936 372 censorem,
963 287 1088 374 generis
1108 297 1160 356 sui.
1230 309 1231 370 j

71 442 76 451 .
161 375 379 480 productorem,
390 379 588 440 libertinorum
607 381 682 440 lilios
697 381 726 440 in
737 389 866 442 senatum
879 380 1025 457 adlegisse
1041 379 1150 456 docuit,
1230 381 1231 456 J

161 467 292 545 ignarus,
307 462 486 563 temporibus
499 464 578 543 Appi
589 473 618 522 et
630 464 767 542 deinceps
780 464 942 542 aliquandiu
952 463 1151 534 libertinos
1230 457 1231 468 ’

56 602 63 612 ,
162 548 255 610 dictos
278 565 336 607 non
359 550 459 626 ipsos,
482 549 532 626 qui
549 566 633 608 mauu
652 549 862 624 emitterentur,
885 547 964 608 sed
949 564 1106 644 ingenuos
1115 565 1152 606 ex
1226 485 1231 632 l

161 631 207 691 his
220 638 401 710 procreatos.
417 628 552 707 Collegio
566 639 751 708 quaestorum
766 640 954 708 prostratura
968 632 1077 690 uiarum
1090 631 1151 706 gla·
1164 651 1176 688 ι

136 737 138 743 ·
162 714 311 778 diatorium
326 732 425 776 munus
441 715 561 783 iniunxit
575 712 761 793 detractaque
777 712 907 774 Ostiensi
917 723 946 773 et
961 713 1071 773 Gallica
1085 731 1151 791 pro·

162 801 275 874 vincia,
297 815 394 857 curam
408 799 501 857 aerari
518 798 632 857 Saturni
642 797 783 874 reddidit,
810 815 892 876 quam
891 793 1001 856 medio
1019 806 1152 874 tempore

164 891 316 963 praetores
330 889 394 956 aut,
410 883 450 940 uti
465 876 556 956 nunc,
572 876 706 960 praetura
720 882 808 950 iuncti
825 883 1026 942 sustinuerant.

224 963 417 1042 Triumphalia
431 973 597 1041 ornamenta
613 966 726 1041 Silano,
743 965 820 1025 filiae
840 983 909 1026 suae
925 981 1034 1042 sponso
1046 1007 1064 1039 ,
1082 981 1152 1022 non-

163 1048 228 1108 dum
250 1047 352 1126 puberi
372 1046 464 1124 dedit,
487 1047 643 1108 maioribus
663 1065 734 1108 vero
756 1057 824 1108 natu
845 1057 901 1109 tam
920 1047 1014 1107 multis
1038 1055 1153 1124 tamque
1163 1065 1184 1104 ro

140 1157 143 1172 ·
162 1132 266 1208 facile,
284 1139 314 1190 ut
329 1130 452 1209 epistula
467 1133 608 1192 communi
624 1133 770 1209 legionum
779 1133 902 1191 nomine
912 1132 1154 1209 extiteritpeten-
1230 1183 1231 1204 ,

162 1215 246 1292 tium,
260 1222 291 1272 ut
307 1213 418 1290 legatis*
426 1215 624 1276 consularibus
639 1215 722 1276 simul
738 1233 802 1275 cum
818 1216 949 1280 exercitu
961 1213 1154 1292 attriumphe-
1230 1213 1231 1288 ι

114 1300 122 1315 ’
162 1299 201 1359 lia
217 1298 363 1375 darentur,
378 1316 415 1358 ne
430 1299 627 1363 causambelli
644 1298 862 1397 quoquomodo
879 1307 1060 1378 quaererent
1077 1297 1153 1356 Aulo

162 1382 275 1443 Plautio
293 1384 378 1442 etiam
392 1384 555 1450 ovationem
572 1383 728 1442 decrevit
720 1400 912 1461 ingressoque
927 1379 1027 1442 urbem
1040 1381 1155 1444 obviam
1230 1417 1231 1434 ι

163 1484 356 1564 progressus,
376 1467 434 1524 et
425 1484 454 1524 ιιι
469 1464 641 1545 Capitolimn
656 1469 732 1526 eunti
752 1475 781 1525 et
796 1465 862 1526 inde
882 1484 992 1526 rursus
996 1463 1184 1528 revertentia

163 1551 237 1610 latus
256 1551 337 1609 texit
370 1547 489 1613 Gabinio
505 1550 655 1626 Secundo,
680 1541 803 1612 Cauchis
817 1559 905 1628 gente
921 1549 1093 1610 Germanica
1110 1566 1154 1606 su·
1230 1605 1231 1608 ,

164 1633 289 1712 peratis,
305 1650 469 1708 cognomen
484 1631 627 1695 Cauchius
641 1651 781 1712 usurpare
798 1635 953 1712 concessit.
978 1629 1006 1714 s
1230 1625 1231 1692 j

122 1735 156 1789 25
223 1715 375 1795 Equestris
391 1717 528 1777 militias
520 1726 559 1778 ιιι
581 1717 740 1793 ordinavit,
763 1726 793 1776 ut
808 1695 877 1796 post
899 1717 1051 1778 eohortem
1073 1715 1155 1790 alam,
1230 1789 1231 1794 ι

147 1810 232 1901 post
253 1800 327 1864 alam
350 1781 521 1869 tribunatum
541 1801 668 1878 legionis
687 1800 785 1870 daret;
814 1801 1013 1880 stipendiaque
1036 1799 1156 1860 instituit

93 1935 96 1940 .
165 1896 194 1946 ct
207 1885 390 1962 imaginariae
403 1884 522 1945 militiae
535 1903 651 1962 genus,
665 1884 743 1963 quod
762 1873 888 1945 vocatur
903 1904 1011 1963 supra
1033 1902 1154 1943 nume·
1144 1899 1188 1939 -uo

163 1987 250 2045 rum,
268 1985 327 2066 quo
342 1969 478 2031 absentes
486 1979 515 2029 et
526 1969 609 2029 titulo
620 1979 704 2029 tenus
717 1964 914 2046 iungerentur
930 1968 1035 2029 Milites
1053 1968 1156 2027 domos

164 2053 324 2111 senatorias
334 2052 473 2141 salutandi
484 2070 570 2113 causa
583 2052 697 2129 ingredi
708 2054 791 2113 etiam
802 2061 913 2131 patrum
924 2052 1044 2119 decreto
1057 2051 1155 2129 prohi-

164 2134 234 2193 buit.
254 2131 473 2212 Libertinos,
449 2138 605 2216 quisepro
625 2134 811 2217 equitibusR
829 2146 966 2214 agerent,
987 2135 1155 2234 publicarit.

64 2207 74 2223 ’
163 2216 298 2292 Ingratos
314 2225 344 2275 et
358 2216 396 2275 de
410 2220 513 2296 quibus
528 2220 642 2296 patroni
653 2228 849 2297 quererentur
854 2221 1027 2280 revocavit
1019 2237 1050 2278 ιιι
1064 2220 1155 2277 servi-

163 2309 251 2360 tutem
266 2300 472 2379 adrocatisque
485 2320 586 2361 eorum
596 2305 729 2380 negavit,
745 2322 778 2362 se
788 2303 930 2366 adversus
939 2302 1085 2363 libertos
1076 2318 1154 2399 rpsq-
1165 2322 1190 2361 ιι
1230 2352 1231 2359 ι

163 2384 284 2444 rumius
299 2382 448 2459 dictumm.
475 2383 546 2445 Cum
563 2385 677 2463 quidam
691 2404 781 2463 aegra
797 2395 826 2447 et
841 2387 955 2447 adiecta
970 2388 1115 2464 mancipia
1129 2387 1154 2443 in

164 2467 284 2528 insulam
303 2445 471 2545 Aesculapii
494 2469 746 2529 taediomedendi
768 2480 964 2550 exponerent,
991 2468 1155 2547 omnesqui
1230 2534 1231 2549 ι

164 2559 379 2644 exponerentur
398 2551 509 2611 liberos
537 2570 604 2612 esse
629 2555 740 2631 sanxit,
769 2572 825 2615 nec
845 2554 990 2614 redirem
1011 2553 1157 2613 dicionem
1230 2586 1231 2623 ι

164 2628 285 2711 domini,
303 2654 327 2695 sr
319 2636 572 2706 convaluissem
592 2636 722 2735 ‘quod
699 2657 722 2697 ιι
744 2641 807 2717 quis
826 2656 932 2697 necare
953 2655 1037 2716 quem
1057 2636 1158 2696 mallet
1230 2646 1231 2749 ι

165 2736 248 2794 quam
261 2680 427 2819 exponere,
444 2720 542 2780 caedis
558 2722 674 2781 crimine
689 2724 790 2785 teneri
812 2722 960 2783 Viatores
969 2740 1006 2781 ue
1027 2739 1082 2799 per
1101 2719 1157 2779 lta·
1170 2732 1231 2777 co

163 2799 220 2859 liae
237 2801 344 2898 oppida
365 2806 422 2863 nisi
441 2814 491 2868 aut
505 2802 625 2882 pedibus
646 2814 693 2865 aut
715 2806 788 2867 sella
808 2816 854 2865 aut
867 2804 975 2866 lectica
989 2806 1158 2879 transirent,
1230 2766 1231 2851 l

164 2885 271 2942 monuit
286 2886 390 2947 edicto.
408 2887 536 2949 Puteolis
550 2898 579 2947 et
593 2888 691 2948 Ostiae
708 2890 835 2966 singulas
851 2890 988 2950 cohortes
1005 2888 1041 2949 ad
1056 2894 1160 2948 areen-
1230 2876 1231 2953 l

165 2962 218 3023 dos
232 2966 426 3029 incendiorum
441 2991 525 3033 casus
541 2971 708 3031 collocavit.

227 3046 402 3145 Peregrinae
420 3057 589 3115 conditionis
606 3054 738 3115 homines
758 3058 847 3116 vetuit
866 3074 1006 3135 usurpare
1025 3057 1164 3116 Romana
1230 3054 1231 3117 l

164 3126 278 3192 nomina
290 3134 353 3194 dum
364 3144 442 3195 taxat
450 3140 606 3214 gentilicia
619 3137 814 3201 CivitatemR
826 3148 999 3218 usurpantes
1011 3140 1041 3197 in
1054 3158 1164 3217 campo
1176 3166 1231 3217 ιι

164 3214 314 3294 Esquilino
331 3221 427 3276 securi
432 3225 599 3297 percussit
627 3221 797 3282 Provincias
817 3222 955 3283 Achaiam
976 3232 1005 3281 et
1019 3222 1164 3283 Macedo·
1230 3248 1231 3257 ι

165 3302 255 3373 niam,
283 3317 354 3378 quas
374 3300 507 3361 Tiberius
532 3304 567 3363 ad
595 3323 691 3365 curam
715 3324 794 3365 suam
816 3308 1015 3382 transtulerat,
1045 3309 1168 3369 senatui

132 3422 136 3436 .
164 3382 295 3442 reddidit.
326 3382 422 3459 Lyciis
439 3383 476 3443 ob
493 3386 654 3447 exitiabiles
670 3388 969 3481 intercederemus
991 3352 1169 3452 libertatem
