2475 3775
125 143 201 231 220·¹
213 155 243 204 c.
256 152 550 212 soanourunnuo.
562 129 611 198 o'a
622 150 707 204 usus
718 115 985 224 cassinensis.
998 147 1060 195 un.

128 316 223 387 cc'rct,
238 309 442 386 inchoantique
458 305 626 367 Neroniana
642 306 754 366 cantica
770 305 878 389 primus
889 303 1023 368 exultata
1036 302 1123 364 etiam

82 401 116 457 12
128 395 244 475 plausit.
275 392 393 453 Talibus
408 391 574 470 principiis,
590 407 724 467 magnam
740 389 854 467 imperii
874 397 989 466 partem
1007 388 1122 448 nonnisi

126 477 249 539 consilio
269 486 299 539 et
314 475 435 545 arbitrio
454 475 586 535 uilissimi
611 475 750 551 caiusque
771 464 941 546 histrionum
963 479 995 542 et
1007 472 1119 547 auriga·

124 580 186 625 rum
206 560 429 636 administrauit,
455 569 485 619 et
500 559 624 622 mamma
646 557 767 619 Asiatici
789 555 896 619 liberti.
923 555 1005 616 Hunc
1023 553 1119 617 adule-
1214 557 1215 564 ’

125 646 285 708 scentulum
299 654 394 709 mutua
403 643 522 724 libidine
533 641 757 725 constupratoris,
774 658 843 702 mox
856 639 954 710 taedio
965 638 1143 718 prologums

126 749 190 792 cum
203 727 333 798 Puteolis
354 742 475 807 poscam
495 727 669 789 uendentem
689 722 943 806 reprehendisset,
964 724 1072 790 coiecit
1091 725 1120 782 in

125 814 454 894 compedesstatimque
469 811 557 872 soluit
572 821 602 871 et
612 829 712 879 rursus
722 811 752 869 in
763 808 877 870 deliciis
888 807 1002 876 babuit;
1018 808 1119 872 iterum

125 898 230 960 deinde
246 896 283 958 ob
299 897 413 957 nimiam
429 896 637 956 contumaciam
654 893 881 956 etlerocitatem
895 900 1049 970 grauatus,
1066 892 1118 950 cir-

125 981 313 1044 cumioraneo
335 980 457 1040 lanistae
479 979 607 1038 uendidit
628 978 804 1057 dilatumque
827 976 863 1038 ad
889 977 975 1038 linem
994 976 1119 1036 muneris

124 1074 248 1145 repente
263 1062 415 1142 subripuit,
431 1071 461 1122 et
474 1063 625 1142 prouincia
642 1062 754 1128 demum
767 1069 888 1140 accepta
898 1060 1070 1138 manumisit,
1086 1077 1119 1120 ac
1129 1070 1156 1118 ιο

125 1152 218 1230 primo
229 1147 348 1226 ‘imperi
364 1148 410 1208 die
426 1147 522 1207 aureis
537 1146 656 1215 donavit
675 1145 768 1210 anulis
789 1162 878 1224 super
893 1161 1045 1219 caenam,
1058 1161 1121 1204 cum
1139 1184 1153 1204 ,

124 1250 220 1308 mane,
233 1231 405 1308 rogantibus
416 1249 471 1310 pro
483 1249 521 1291 eo
535 1233 657 1308 cunctis,
670 1230 831 1291 detestatus
842 1237 923 1290 esset
934 1229 1120 1290 seuerissime

125 1317 214 1378 talem
229 1317 376 1394 equestris
391 1314 500 1376 ordinis
517 1313 677 1377 maculam*
742 1319 755 1358 ’-
828 1363 831 1367 .
1129 1354 1132 1358 -
1214 1375 1215 1380 ,

82 1418 118 1473 13
187 1400 246 1461 Sed
262 1400 310 1460 vel
324 1401 483 1479 praecipue
499 1400 629 1460 luxuriae
644 1401 842 1478 saeuitiaeque
865 1396 995 1474 deditus,
1018 1395 1120 1474 epulas

124 1485 263 1546 trifariam
278 1502 403 1563 semper,
417 1482 776 1562 interdumquadriiariam
791 1481 995 1562 dispertiebat,
1017 1482 1046 1539 in
1060 1480 1120 1539 ien·
1130 1499 1152 1542 ss

123 1569 220 1632 meula
236 1577 266 1628 et
280 1566 400 1647 prandia
415 1576 445 1626 et
459 1585 566 1628 caenas
578 1567 867 1646 comissationesque,
886 1565 974 1627 facile
987 1562 1122 1622 omnibus

125 1654 276 1714 sulliciens
302 1650 462 1714 uomitandi
493 1651 711 1712 consuetudine.
751 1650 901 1724 Indicabat
925 1657 1017 1710 autern
1040 1645 1122 1707 aliud

125 1736 175 1798 alii
188 1735 291 1796 eadem
305 1736 361 1813 die,
377 1753 435 1795 nec
449 1738 581 1816 cuiquam
594 1736 688 1800 minus
703 1735 809 1812 singuli
819 1743 974 1815 apparatus
987 1730 1121 1811 quadrin-

124 1823 210 1901 genis
224 1819 338 1881 milibus
355 1838 497 1881 nummum
512 1821 712 1880 constiterunt
740 1819 945 1881 Famosissima
960 1834 1051 1897 super
1073 1834 1120 1876 ce·

123 1915 204 1968 teras
217 1906 269 1976 luit
287 1924 378 1967 caena
392 1905 457 1966 data
475 1908 502 1965 ei
517 1905 680 1967 aduenticia
697 1924 713 1965 a
728 1904 832 1982 fratre,
854 1905 883 1963 in
899 1922 954 1983 qua
971 1902 1028 1963 duo
1044 1901 1154 1963 miliaro

123 1990 347 2051 lectissimorum
376 1992 514 2069 piscium,
544 1999 658 2069 septem
684 1990 778 2049 auium
802 1989 937 2067 apposita
961 1984 1121 2047 traduntur.

123 2073 206 2134 llanc
222 2090 338 2152 quoque
353 2076 524 2151 exuperauit
538 2074 604 2152 ipse
620 2071 804 2134 dedicatione
823 2072 954 2151 patinae,
979 2087 1065 2148 quam
1084 2067 1121 2131 ob

125 2159 291 2215 immensam
304 2157 526 2233 magnitudinem
543 2157 674 2235 clipeum
694 2154 855 2225 Mineruae
874 2150 1060 2233 πολιούχου
1082 2150 1122 2213 di·

126 2237 259 2322 etitabat.¹
274 2238 310 2323 ln
322 2238 377 2299 hac
393 2258 543 2302 scarorum
557 2242 699 2319 iocinera,
716 2240 918 2319 phasianarum
933 2247 963 2299 et
977 2239 1123 2319 pauonum
1214 2260 1215 2281 1

106 2305 292 2405 cerebblla,
313 2321 427 2399 baguas
448 2322 761 2410 phoenicopterorum,
778 2340 959 2391 murenarum
979 2324 1093 2400 lactes,
1106 2312 1153 2382 a'ss
1214 2404 1215 2407 Ἴ

125 2406 241 2469 Parthia
255 2423 348 2486 usque
363 2406 499 2486 fretoque
514 2408 673 2487 Hispanico
689 2427 744 2487 per
758 2407 922 2469 nauarchos
937 2425 974 2468 ac
986 2408 1123 2468 triremes

126 2494 290 2571 petitarum,
308 2492 496 2552 commiscuit.
525 2493 565 2553 Ut
578 2502 675 2553 vautern
689 2493 776 2554 bomo
792 2510 850 2552 non
862 2491 1023 2574 profundae
1033 2490 1122 2551 modo

126 2575 180 2636 sed
194 2577 546 2656 intempestiuae‘puoque
562 2596 598 2638 ac
613 2576 748 2638 sordidae
762 2576 861 2655 gulae,
877 2594 915 2637 ne
929 2577 959 2636 in
975 2576 1121 2637 sacrificio

99 2718 101 2720 ,
127 2658 241 2737 quidem
254 2677 386 2739 umquam
398 2670 447 2721 aut
458 2662 564 2725 itinere¹
575 2662 637 2722 ullo
652 2660 834 2742 temperavit,
849 2660 1005 2741 quinflinter
1016 2659 1123 2719 altaria

124 2740 232 2802 ibidem
247 2746 341 2804 statim
356 2748 454 2807 uiscus
469 2755 498 2805 et
512 2746 529 2781 *
543 2746 630 2805 farris
647 2763 739 2824 paene
753 2754 837 2823 rapta
849 2763 865 2804 e
877 2744 947 2805 ioco
959 2742 1122 2817 manderet,
1132 2756 1157 2799 ao

127 2824 264 2903 circaque
283 2829 392 2891 uiarum
412 2832 537 2909 popinas
557 2831 693 2891 fumantia
714 2828 851 2905 obsonia,
874 2828 922 2889 uel
937 2827 1065 2907 pridiana
1080 2834 1122 2887 at·

127 2924 184 2984 que
202 2925 326 2969 semesa.

84 2997 118 3052 lt
189 2989 300 3051 Pronus
320 3011 394 3077 uero
419 2997 455 3057 ad
481 2999 688 3078 cuiuscumque
715 3007 744 3057 et
768 3014 948 3076 quacumque
973 2996 1010 3057 de
1032 3012 1124 3065 causa

125 3089 228 3134 necem
244 3082 330 3152 atque
346 3080 528 3157 supplicium,
543 3081 658 3142 nobiles
672 3082 769 3157 uiros,
793 3080 1010 3160 condiscipulos
1026 3089 1056 3139 et
1072 3098 1123 3151 ae:

125 3158 227 3236 quales
252 3176 339 3236 suos,
365 3161 495 3223 omnibus
516 3164 662 3226 blanditiis
682 3174 790 3227 tantum
810 3182 868 3226 non
889 3165 926 3225 ad
948 3166 1161 3241 societatemss

123 3242 237 3321 imperii
249 3241 449 3320 adlicefactos,
465 3249 546 3307 uario
558 3266 669 3325 genere
681 3248 789 3310 fraudis
801 3249 923 3319 occidit3
937 3251 1022 3309 etiam
1034 3264 1126 3307 uuum

123 3340 239 3419 ueneno
254 3342 337 3392 manu
355 3343 407 3386 sua
422 3338 559 3405 porrecto
574 3334 603 3391 in
622 3350 714 3411 aquae
730 3332 853 3410 frigidae
875 3334 1011 3412 potione,
1034 3348 1125 3409 quam

123 3421 150 3463 ss
165 3407 297 3470 adlectus
312 3408 395 3470 febre
413 3423 599 3488 poposcerat.
630 3414 701 3477 'lum
714 3416 930 3479 foeneratorum
948 3424 978 3476 et
999 3413 1125 3493 stipula-

151 3692 182 3727 ,ι
