2475 3775
465 151 494 198 c.
518 150 702 200 encrensi.
932 141 938 158 ⁸
1024 145 1081 206 141

88 303 252 366 contionem
275 304 485 382 coniecturaque
512 303 615 365 urbem
641 306 736 384 patin.
764 306 877 371 debesa
898 311 974 370 omni
1001 327 1082 371 accr-

86 386 175 448 bitate
197 387 226 446 in
250 397 396 464 senatum,
419 389 465 448 cui
494 389 531 450 ad
550 389 725 450 avertendos
745 398 886 452 tantorum
908 392 1082 455 dedecorum

85 487 217 531 rumores
238 473 333 550 palam
358 469 533 540 minabatur;
555 491 682 552 querens
710 475 787 537 iuter
806 483 904 535 cetera
924 476 1083 538 baidatnm

85 573 119 614 se
135 556 212 619 iusto
224 555 384 634 triumpho,
405 559 546 635 cumipse
561 557 648 635 paulo
663 559 745 635 ante,
767 576 805 625 ne
826 559 893 638 quid
915 559 951 620 de
966 559 1081 620 bonori-

60 638 140 700 sbus
171 639 231 700 suis
258 649 410 717 ageretur,
433 641 519 702 edan
549 639 613 700 sub
632 643 731 716 mortis
745 659 860 720 ”poena
875 643 1081 704 denuntiasset.

84 721 189 783 suas
210 741 284 800 crgo
306 726 335 783 in
349 724 455 785 itinere
478 724 616 802 alege&
635 726 807 804 amplissimi
816 726 924 786 ordinis
943 735 973 786 ut
993 736 1123 796 rnatu-49

82 815 163 866 raret
177 807 342 884 orantibus,
360 826 443 887 qnam
455 809 579 868 maxima
592 825 668 868 uoce
687 807 811 870 Verrium
824 811 929 888 iuquit,
949 813 1080 886 ocenum,

83 895 115 949 ct
141 889 192 950 ba'c
216 893 351 952 moran!
395 891 531 970 capulum
556 892 654 968 gladii.
681 893 792 953 crebro
815 894 988 971 verberans,
1024 912 1081 973 qao

84 974 196 1036 cinctus
211 983 282 1038 crat.
309 975 408 1037 Edixit
424 983 455 1035 et
467 976 644 1051 rendre,
671 976 782 1038 ceddo
793 982 909 1038 tontum
924 979 977 1058 qui
992 987 1080 1056 opta-

47 1065 173 1132 roreot,
207 1060 341 1138 rosnat
365 1059 471 1120 ordini
493 1066 524 1119 ct
547 1059 689 1138 popcto;
713 1078 841 1126 mse
867 1079 964 1140 oeque
987 1063 1084 1123 civem

82 1159 183 1220 raeque
208 1142 381 1220 mmmmm
414 1144 537 1204 ramni
571 1144 705 1222 amptius
738 1142 820 1222 fore,
869 1145 969 1205 Vetuit
997 1149 1083 1206 edam

83 1242 256 1302 quemquam
272 1235 436 1288 senatorum
452 1227 507 1287 sibi
521 1245 691 1302 occurrere,
705 1234 793 1305 atque
807 1230 914 1290 omisso
930 1230 979 1290 vel
993 1230 1081 1290 dileto

82 1308 227 1386 triumpho
254 1326 345 1372 orans
376 1310 577 1372 urbemnatali
606 1327 660 1371 suo
686 1313 838 1387 ingressus
858 1322 921 1381 est;
950 1315 1081 1392 intraque

83 1402 217 1470 quartum
228 1411 357 1460 mensem
372 1397 475 1473 periit,
495 1395 623 1471 ingentia
643 1395 775 1456 facinora
789 1411 875 1456 ausus
890 1403 926 1455 et·
934 1396 1080 1474 aliquanto

45 1493 71 1532 15
80 1477 192 1537 maiora
224 1477 359 1556 nollens..
403 1477 552 1558 Siquidem
586 1487 782 1558 proposuerat
808 1479 940 1556 Antium,
978 1479 1083 1540 deinde

81 1560 297 1622 Alexandream
318 1564 524 1641 commigrare,
547 1564 720 1641 interempto
740 1565 819 1642 prius
842 1565 989 1644 utriusque
1003 1563 1086 1623 ordi·

81 1646 127 1702 nis
143 1643 320 1706 electissimo
348 1664 475 1725 quoqne.
519 1646 661 1722 Quodne
687 1649 734 1706 cui
756 1645 868 1708 dubium
885 1647 1030 1723 videatur,
1052 1649 1080 1706 in

82 1729 206 1787 secretis
231 1731 294 1796 eius
319 1732 430 1809 reperti
451 1738 515 1790 sunt
536 1730 593 1790 duo
615 1729 708 1790 libelli
733 1729 849 1790 diverso
871 1731 971 1808 titulo,
998 1731 1080 1792 alteri

81 1811 246 1889 gladius,
270 1813 353 1874 alteri
373 1814 593 1893 pugioindex
613 1822 691 1882 erat;
719 1813 803 1874 ambo
820 1815 934 1875 nomina
954 1823 1079 1874 etnotas

43 1896 269 1960 rocontinebant
297 1901 382 1960 nsorti
413 1899 627 1959 destinatorum.
676 1898 795 1959 Inventa
826 1908 856 1957 et
883 1916 951 1959 arca
977 1900 1081 1976 ingens
1135 1912 1137 1925 ·

80 1982 425 2051 variorumnapmorum.
436 1983 538 2061 plena,
565 1982 668 2061 quibus
689 2000 759 2041 mox
772 2000 789 2043 a
804 1981 923 2042 Claudio
940 1980 1080 2042 demersis

79 2064 191 2124 iniecta
221 2068 308 2126 maria
339 2067 499 2142 traduntur,
535 2084 593 2127 non
623 2068 685 2127 sine
712 2068 833 2145 piscium
866 2068 971 2142 exitio,
1007 2083 1080 2144 quos

79 2157 205 2208 enectos
218 2159 315 2209 aestus
332 2152 361 2210 in
376 2146 508 2229 proxima
526 2150 611 2211 litora
627 2152 724 2211 eiecit.
978 2226 980 2229 Ι

144 2234 264 2308 statura
275 2233 327 2295 luit
344 2236 498 2312 eminenti,
516 2235 617 2297 colore
634 2234 797 2314 expallido,
818 2250 942 2313 corpore
959 2234 1123 2309 enormitati

42 2338 68 2378 to
78 2316 246 2393 gracilitate
260 2319 382 2379 manime
402 2321 525 2381 cervicis
541 2329 570 2380 et
591 2337 723 2395 crurum,
744 2319 837 2379 oculis
855 2326 885 2377 et
902 2314 1079 2396 temporibus

79 2402 235 2477 concavis,
257 2402 353 2462 fronte
378 2403 436 2465 lata
461 2413 491 2463 et
512 2412 610 2479 torva,
641 2403 748 2481 capillo
769 2420 837 2465 raro
859 2420 894 2462 ac
920 2404 996 2461 circa
1015 2418 1079 2459 vcr-

77 2485 275 2561 ticemnullo,
295 2485 420 2546 hirsutus
436 2498 545 2547 cetera.
589 2488 687 2562 Quare
713 2494 878 2547 transeunte
905 2502 941 2543 co
966 2479 1079 2561 prospi-

79 2586 150 2627 cere
174 2588 213 2628 ex
233 2570 385 2648 superiore
407 2582 504 2650 parte,
526 2580 573 2631 aut
594 2572 708 2630 omnino
730 2585 908 2647 quacumque
930 2566 966 2627 de
994 2583 1081 2625 causa

80 2670 199 2730 capram
223 2655 383 2729 nominare,
409 2656 592 2713 criminosum
617 2663 647 2713 et
662 2653 779 2713 exitiale
798 2650 966 2711 habebatur.
1010 2648 1079 2709 Vols

44 2754 68 2795 ao
78 2745 139 2802 turn
156 2754 228 2796 vcro
239 2746 340 2796 natura
359 2736 506 2797 borridum
522 2754 557 2796 ac
573 2744 677 2796 tetrum
695 2737 838 2812 etiamen
857 2732 994 2793 industria
1010 2734 1078 2793 elle·

77 2819 179 2896 rabat,
205 2838 383 2901 componens
403 2820 439 2880 ad
463 2820 614 2899 speculum
634 2822 663 2880 in
678 2834 791 2878 omnem
810 2826 950 2877 terrorem
971 2835 1005 2877 ac
1020 2818 1078 2877 lor·

78 2904 225 2964 midinem¹

144 2988 281 3048 Valitudo
299 2990 328 3048 ei
345 3005 441 3066 neque
457 2987 591 3066 corporis
609 3004 704 3066 ncqrn
726 2986 811 3045 animi
825 2986 961 3045 constitit.
1005 2985 1080 3045 Puer

81 3072 219 3131 comitiali
226 3071 336 3133 'nrorbo
351 3080 487 3149 vexatus,
508 3074 537 3131 in
553 3069 749 3131 adulescentia
768 3071 807 3129 ita
821 3072 936 3148 patiens
950 3068 1080 3135 laborum

42 3174 70 3215 ss
79 3166 158 3231 erat,
180 3166 210 3216 ut
228 3166 322 3216 tamen
336 3172 545 3234 nonnumquam
560 3154 653 3218 subita
667 3154 832 3215 defectione
846 3154 974 3231 ingredi,
991 3164 1078 3227 stare,

81 3239 228 3315 colligere
243 3248 335 3300 semet
351 3259 385 3301 ac
401 3240 523 3300 sufferre
538 3240 588 3311 vix
609 3248 719 3318 posset.
769 3236 873 3299 Mentis
895 3237 1077 3298 valitudinem

80 3326 198 3402 etipse
230 3335 361 3385 senserat
387 3343 422 3385 ac
452 3323 573 3383 subinde
598 3324 635 3383 de
664 3341 784 3383 secessu
811 3322 905 3401 deque
929 3318 1077 3400 purgando

81 3407 208 3469 cerebro
235 3411 382 3485 cogitavit.
427 3407 560 3469 Creditur
584 3410 750 3486 potionatus
777 3426 792 3466 a
821 3406 963 3466 Caesonia
986 3419 1079 3462 uxore
