2475 3775
148 157 207 221 120
234 171 263 219 c.
280 154 428 220 sennenn
444 169 570 230 mano.
585 169 633 216 nn
650 168 732 216 vmn
748 167 929 218 consanum
943 169 1012 216 nin.
1027 169 1091 216 1111.

147 328 280 405 quentiae
309 325 515 404 doctrinaeque
542 343 652 402 genere
680 323 881 404 praecellens,
912 322 1134 384 benivolentiam

111 452 118 458 ·
146 409 333 487 singularem,
349 409 605 487 conciliandaeque
621 409 763 488 bominum
775 410 886 485 gratiae
900 426 935 469 ac
951 408 1134 488 promerendi

147 494 255 557 amoris
266 494 366 552 mirum
380 502 409 551 et
424 493 530 554 eilican
543 493 674 559 studium.
711 492 834 553 Formae
848 495 939 552 miuus
955 490 1134 568 congruebat

144 577 294 655 gracilitas
317 595 443 654 crurum,
465 575 517 636 sed
540 595 574 636 ea
596 594 712 655 quoquc
735 575 871 656 paulatim
891 575 1005 654 repleta
1019 575 1134 636 assidua

145 661 213 739 equi
234 661 398 726 vectatione
417 668 484 738 post
507 659 611 720 cibum.
655 660 775 721 Hostem
792 661 947 720 comminus
962 677 1053 738 saepe
1068 677 1157 740 per-s

145 746 243 805 cussit.
276 743 375 805 Orarit
390 761 492 804 causae
516 745 600 805 etiam
619 744 814 824 triumphalis;
836 751 921 822 atque
940 745 1014 804 iuter
1036 751 1134 806 cetera

145 828 303 888 studiomm
316 828 489 888 monimenta
503 828 621 906 reliquit
638 839 666 888 et
684 827 851 901 comoedias
870 827 1007 897 Graecas.
1050 826 1134 906 Domi

144 912 272 990 iurisque
295 911 405 988 civilis,
431 911 522 972 libera
547 931 582 973 ac
600 913 750 976 foederata
772 911 878 990 oppida
903 913 963 972 sine
984 909 1134 972 lictoribus

145 991 249 1056 adibat.
283 993 380 1053 Sicubi
402 994 545 1055 clarorum
565 996 693 1056 virorum
715 994 850 1075 sepulcra
869 1005 1072 1073 cognosceret,
1093 995 1132 1054 iu·

143 1080 234 1139 ferias
257 1077 387 1138 Manibus
405 1077 500 1138 dabat.
531 1076 688 1141 Caesarum
712 1079 941 1141 cladel'ariaua
962 1087 1077 1174 qeteres
1099 1091 1169 1137 acm

144 1162 291 1240 dispersas
308 1161 445 1241 reliquias
455 1181 511 1223 uno
527 1164 634 1224 tumulo
648 1164 821 1239 humaturus,
835 1162 978 1248 colligere
989 1179 1039 1222 sua
1051 1179 1134 1223 mauu

79 1296 82 1304 ι
144 1255 173 1306 ιι
190 1253 372 1324 comportare
392 1247 498 1326 primus
519 1247 677 1324 adgressus
694 1257 748 1308 est.
777 1245 1024 1307 obtrectatoribus
1040 1247 1133 1318 etiam,

144 1329 368 1408 qualescumque
383 1339 413 1389 et
427 1340 656 1410 quantacumque
670 1331 705 1391 de
722 1349 808 1392 causa
822 1339 941 1391 nanctus
956 1331 1044 1406 esset,
1059 1329 1134 1390 leuis

143 1413 217 1473 adeo
233 1415 425 1490 minuemus,
441 1423 471 1474 nt
490 1413 587 1475 Pisoni
605 1414 724 1475 decreta
739 1433 792 1476 sua
810 1415 998 1490 rescindent,
1015 1413 1132 1473 cliente·

143 1499 187 1558 lae
201 1497 345 1558 divexanti
359 1514 417 1557 non
429 1500 510 1577 prius
520 1516 693 1559 suscensere
706 1500 734 1558 in
748 1501 869 1563 animum
882 1498 1036 1573 induxerit,
1051 1513 1133 1575 quam
1143 1513 1167 1554 ιι

143 1582 294 1641 venellciis
307 1599 422 1660 quoque
437 1591 466 1641 et
483 1582 686 1642 devotionibus
702 1583 862 1663 impugnari
879 1601 911 1642 se
927 1583 1131 1662 comperisset:

143 1684 178 1726 ac
198 1681 236 1727 ne
257 1673 325 1724 tunc
346 1664 458 1744 quidem
478 1665 553 1727 ultra
570 1682 760 1746 progressus,
785 1684 868 1745 quum
888 1675 919 1726 ut
934 1665 1085 1726 amicitiam
1104 1665 1133 1724 ci

143 1765 224 1810 more
244 1749 380 1809 maiorum
394 1750 569 1812 renuntiaret
584 1750 787 1830 mandaretque
803 1750 969 1810 domesticis
985 1749 1132 1824 unionem,

111 1826 167 1895 4'si
184 1833 250 1913 quid
271 1832 324 1894 sibi
345 1834 500 1897 accideret.
527 1835 658 1913 ‘Quarum
673 1837 805 1896 uirtutum
825 1831 1133 1899 fructumuberrimum
1223 1858 1226 1864 ·

24 1969 28 1978 ,
143 1918 222 1995 tulit,
250 1919 293 1979 sic
313 1919 451 1998 probatus
472 1928 502 1981 et
520 1921 644 2006 dilectus
668 1922 774 1997 esuis,
791 1928 821 1979 ut
835 1919 998 1997 Augustas,
1016 1919 1132 1997 (omitto
1143 1931 1168 1973 uu

143 2004 217 2061 enim
232 2003 463 2065 necessitudines
478 2004 622 2083 reliquas)
635 2004 682 2065 diu
698 2012 846 2064 cunctatus
860 2022 896 2064 an
911 2002 966 2062 sibi
982 2016 1133 2064 successo·

93 2125 98 2131 -
143 2102 203 2144 rem
218 2084 385 2163 destinaret,
400 2087 592 2167 adoptandum
607 2087 724 2148 Tiberio
740 2087 866 2158 dederim
887 2088 930 2150 sic
946 2086 1035 2164 vulgo
1051 2084 1134 2145 iaro-
1232 2092 1233 2103 ¹

142 2167 253 2242 rabilis,
270 2176 301 2226 ut
317 2168 430 2245 plurimi
443 2170 566 2247 tradant,
590 2172 724 2250 quotiens
743 2171 841 2250 aliquo
854 2170 1005 2231 adveniret
1026 2166 1074 2252 vel
1093 2168 1133 2229 si·

143 2248 422 2328 cuudediscederet,
443 2271 514 2332 prae
529 2254 611 2314 turbu
627 2256 837 2315 occumeutium
859 2254 1134 2334 prosequentiumue

140 2348 349 2412 nonnumquam
369 2352 433 2394 eum
453 2335 605 2397 discrimen
630 2339 706 2397 vitae
728 2338 873 2416 udisse‚e
895 2338 1044 2399 Germania
1058 2352 1169 2401 verum

143 2426 427 2498 posteompressam
446 2418 615 2480 seditionem
633 2424 790 2483 revertenti
811 2424 1008 2501 praetorianas
1026 2419 1132 2487 cobor-

141 2512 187 2587 tes
205 2502 355 2578 universas
369 2502 507 2581 prodisse
528 2502 656 2582 obviam,
678 2508 806 2583 meravis
826 2506 1034 2585 pronuntiatum
1051 2511 1134 2564 esset

141 2596 172 2646 nt
194 2586 266 2646 duae
282 2595 388 2647 tautum
405 2587 494 2648 modo
515 2589 637 2664 exirent,
659 2589 760 2669 populi
776 2598 870 2649 autem
885 2589 1004 2650 Romani
1021 2604 1132 2664 sexum,

142 2680 275 2747 aetatem,
296 2670 425 2749 ordinem
444 2688 557 2732 omnem
570 2690 662 2751 usque
680 2672 715 2733 ad
731 2675 898 2734 vicesimum
915 2671 1039 2752 lapidem
1060 2670 1132 2731 effu·

111 2756 128 2808 5
142 2753 221 2813 disse
245 2772 287 2813 se.
333 2755 440 2833 Tamen
462 2756 550 2833 longe
561 2759 670 2817 maiora
686 2766 716 2818 et
736 2757 862 2818 firmiora
879 2757 915 2817 de
932 2772 968 2817 eo
983 2755 1086 2815 iudicia
1102 2756 1169 2817 ineo

141 2846 234 2895 monte
255 2854 290 2897 ac
308 2848 377 2917 post
397 2848 518 2900 mortem
539 2842 702 2901 extiterunt.
746 2842 811 2917 Quo
835 2840 986 2901 defunctus
1007 2847 1053 2900 est
1073 2837 1133 2914 die,

143 2919 268 2998 lapidata
288 2930 352 2981 suut
370 2921 491 3003 templa,
511 2923 668 2985 subversae
683 2924 765 2985 deum
780 2942 863 3002 arae,
879 2924 968 2985 Lares
983 2942 999 2984 a
1014 2921 1133 3002 quibus·

142 3002 206 3063 darn
220 3002 374 3065 familiares
388 3006 417 3065 in
432 3007 576 3087 publicum
590 3007 705 3087 abiecti,
720 3018 819 3088 partus
831 3010 984 3087 coniugum
993 3006 1132 3087 expositi.
1231 3016 1232 3019 ’

143 3086 217 3161 Quin
231 3084 260 3146 ιι
275 3085 416 3149 barbaros
431 3089 538 3169 lamet,
553 3090 656 3170 quibus
671 3092 833 3153 intestinum
850 3092 1012 3173 quibusque
1025 3091 1132 3153 adver·

143 3188 192 3231 sus
207 3188 262 3230 nos
279 3169 386 3230 bellum
400 3185 494 3251 esset,
518 3176 598 3235 velut
618 3177 647 3235 in
662 3175 821 3238 domestico
837 3178 1035 3255 communique
1053 3192 1133 3237 mae·
1143 3194 1171 3237 ιι

142 3272 228 3331 rure,
262 3256 447 3316 consensisse
471 3257 507 3318 ad
531 3259 667 3329 indutias;
698 3260 818 3337 regulos
846 3260 984 3341 quosdam
1011 3258 1134 3322 barbanu

26 3395 30 3407 ,
143 3340 278 3418 posuisse
293 3336 323 3399 ἰι
336 3356 456 3399 uxomm
470 3344 565 3421 cupita
576 3344 684 3404 rasisse
698 3343 734 3404 ad
747 3344 878 3405 indicium
890 3346 1003 3406 maximi
1020 3344 1133 3412 luctum

142 3440 243 3501 regum
257 3424 342 3483 etiam
361 3440 461 3501 regem
476 3433 508 3485 et
517 3429 724 3490 exercitatione
739 3427 860 3490 renaudi
878 3437 907 3489 et
920 3428 1056 3489 convictu
1071 3446 1134 3489 ine·
