2475 3775
141 156 165 252 θ’
221 199 421 254 c..snuuou1
442 199 570 262 curuo.
586 201 635 250 nu
649 158 932 252 vruurcsnssuuu'
947 203 1017 253 utu.
1036 206 1063 253 1.

142 377 216 439 quos
230 357 368 440 placitum
384 365 484 436 esset‚‘
500 355 667 435 dictaturam
689 355 813 420 Crassus
833 359 1000 438 invaderet,
1022 361 1086 440 ipse
1099 359 1141 421 ab

141 461 178 505 eo
194 443 334 522 magister
350 445 475 525 equitnm
490 441 651 520 diceretur,
668 445 878 522 constitutaque
892 441 928 505 ad
944 445 1091 505 arbitrium
1104 463 1141 506 re

139 527 275 608 publica,
297 526 395 588 Sullae
412 535 441 586 et
456 525 599 586 Autronio
618 527 784 587 consulatus
803 529 1011 589 restitueretur.
1039 529 1138 590 diemi-

138 621 242 674 uerunt
257 611 339 672 buius
354 610 560 673 coniurationis
574 611 714 672 Tanusius
725 610 860 672 Geminus
871 613 900 672 iu
911 611 1047 689 historia,
1062 613 1139 674 ldar·

140 711 191 758 cus
207 695 326 758 Bibulus
340 697 369 754 in
384 691 503 772 edictis,
520 693 553 754 0.
566 693 654 756 (tuuc
667 702 751 775 pater
767 697 799 756 in·
811 696 997 758 orationibus.
1025 696 1071 758 lle
1083 697 1166 758 baca

139 783 307 860 siguificare
326 778 438 840 videtur
459 786 488 837 et
504 777 627 857 Cicero,
653 782 682 840 in
703 780 825 859 quadam
842 781 878 855 ad
892 781 997 842 Axium
1013 782 1139 860 epistula

137 867 289 944 reterens,
303 863 459 925 Gaesarem
473 862 502 921 iu
514 864 665 924 consulatu
677 866 864 926 confirmasse
879 884 1016 944 regnum,
1028 865 1064 926 de
1079 883 1139 946 quo

109 987 117 1008 1
137 950 241 1012 aedilis
263 950 414 1026 cogitarat.
445 947 585 1010 Tanusius
609 948 713 1026 adicit,
736 948 872 1010 Crassum
892 952 1068 1030 paenitentia
1089 949 1140 1010 vel

138 1043 215 1095 metu
232 1033 308 1097 diem
324 1031 590 1093 caedi'destinatum
603 1051 663 1094 nou
678 1033 795 1112 obisse,
814 1035 967 1096 etidcirco
982 1054 1020 1096 ne
1031 1034 1138 1096 Gaesa-

138 1109 202 1178 rem
216 1117 330 1195 quidem
349 1118 478 1194 signum,
498 1117 575 1196 quod
592 1117 629 1178 ab
649 1135 687 1178 eo
707 1117 769 1179 dari
789 1129 981 1198 convenerat,
1003 1119 1177 1187 dedisse;1c

140 1201 314 1262 convenisse
336 1209 430 1262 cutem
451 1201 538 1262 Curio
566 1201 621 1281 ait,
646 1211 677 1261 ut
697 1211 797 1281 togam
817 1203 854 1264 de
876 1221 975 1264 umero
998 1204 1138 1264 deiceret.
1229 1237 1232 1242 -

139 1284 219 1346 ldern
237 1283 324 1346 Curio
341 1285 393 1346 sed
411 1295 440 1346 ct
459 1285 498 1347 ll.
514 1285 652 1346 Actorius
666 1285 747 1348 Naso
762 1295 898 1348 auctores
919 1296 1001 1365 sunt,
1022 1286 1139 1366 conspi-

137 1388 221 1431 rasse
237 1389 302 1430 eum
319 1371 404 1431 etiam
420 1387 483 1431 cum
499 1368 598 1431 Gnaeo
611 1371 718 1432 Pisone
738 1371 943 1448 adulescente,
966 1373 1011 1432 cui
1032 1371 1069 1432 ob
1092 1388 1139 1430 su·

139 1456 307 1534 spicionem
326 1454 455 1514 urbanae
486 1455 692 1516 coniurationis
716 1456 867 1536 proviacia
891 1455 1029 1535 Hispania
1060 1455 1140 1515 ultro

139 1547 222 1615 entre
237 1540 366 1600 ordinem
381 1537 452 1599 'data
470 1539 519 1609 sit;
539 1549 730 1618 pactumque,
756 1547 787 1599 ut
803 1539 885 1600 simul
900 1536 973 1600 foris
990 1540 1056 1618 ille,
1070 1539 1140 1617 ipse
1149 1557 1175 1597 rs

138 1623 251 1684 Romae
262 1623 357 1685 adres
369 1640 461 1684 nouas
474 1633 700 1702 consurgerent,
713 1641 767 1703 per
777 1623 942 1684 Ambrauos
953 1633 984 1684 et
995 1623 1140 1701 Transpa-

141 1707 234 1769 danos
242 1729 249 1776 ;
266 1709 432 1774 destitutum
445 1707 594 1786 utriusque
609 1709 760 1770 consilium
774 1717 867 1769 morte
883 1708 1007 1769 Pisonis.

97 1799 131 1852 10
202 1790 316 1852 Aedilis
337 1799 456 1871 praeter
483 1793 628 1853 comitium
655 1811 691 1854 ac
714 1791 808 1853 iorum
835 1791 1031 1872 basilicasque
1054 1791 1141 1852 etiam
1186 1857 1194 1864 ,

139 1875 315 1956 Capitolium
330 1875 444 1939 ornavit
459 1876 618 1958 porticibus
633 1876 670 1939 ad
683 1882 798 1957 tempus
814 1878 974 1955 extructis,
989 1878 1019 1937 in
1034 1875 1142 1957 quibus

138 1960 300 2023 abundante
321 1980 418 2023 rerum
436 1962 522 2040 copia
541 1978 609 2041 pars
629 1972 787 2042 apparatus
807 1971 1013 2042 exponeretur.
1043 1964 1177 2027 Vena-ro
1233 1957 1234 1966 ’

137 2047 232 2105 tiones
259 2056 354 2107 autem
373 2046 517 2124 ludosque
541 2056 655 2106 etcum
677 2046 794 2124 collega
816 2054 846 2107 et
865 2047 1020 2129 separatim
1042 2043 1141 2120 edidit,

139 2119 197 2207 quo
219 2128 325 2189 lactum
347 2138 407 2207 est,
437 2138 468 2189 ut
491 2131 680 2189 communium
708 2148 825 2209 quoque
850 2131 1035 2209 inpensarum
1059 2128 1144 2189 solus

138 2212 262 2287 gratiam
278 2222 412 2291 caperet,
433 2230 490 2273 uec
506 2212 701 2273 dissimularet
716 2214 833 2291 collega
846 2216 908 2274 eius
924 2214 1040 2276 blarcus
1054 2212 1141 2273 Bibu-

138 2294 200 2371 lus,
224 2296 362 2356 evenisse
381 2295 444 2357 etot
460 2295 543 2375 quod
553 2295 691 2358 Polluci:
707 2304 742 2359 ut
755 2298 833 2359 euim
842 2298 972 2379 geminis
982 2295 1144 2377 frutribus

139 2377 234 2439 cedes
255 2380 288 2439 a’c
305 2378 378 2458 foro
396 2379 560 2442 constituto
583 2386 700 2442 tontum
717 2380 861 2444 Castorea
888 2389 1070 2460 vocaretur,
1094 2381 1180 2442 ttae

137 2462 452 2544 suum-Coccort'eque
465 2465 702 2543 munificentiam
715 2468 808 2527 cuiue
824 2465 976 2528 Caesaris
990 2466 1062 2528 dict.
1083 2466 1143 2525 Ad·

138 2547 207 2608 iecit
221 2550 342 2628 insuper
354 2546 464 2609 Caesar
483 2550 568 2609 etiem
580 2549 781 2627 gladiatorium
796 2568 914 2629 munus,
930 2551 983 2611 sed
994 2551 1144 2630 aliquanto
1225 2578 1230 2583 ·

138 2633 325 2711 paucioribus
351 2650 435 2713 quam
452 2634 648 2694 destinaverat
668 2634 800 2714 paribus;
824 2652 889 2696 uem
911 2654 975 2696 cum
991 2633 1145 2713 multiplici

138 2714 265 2796 undique
293 2718 403 2779 familia
436 2726 602 2797 comparata
629 2720 761 2780 inimicos
785 2720 996 2797 exterrutsset,
1030 2726 1144 2779 cautum

139 2808 184 2857 est
205 2800 242 2859 de
263 2816 383 2863 numero
395 2802 603 2881 gladiatorum,
618 2817 676 2883 quo
687 2822 724 2863 ue
736 2804 874 2865 maiorem
887 2804 1020 2884 cuiquam
1030 2800 1182 2863 babereco

137 2881 248 2943 Romae
258 2884 372 2946 liceret.

96 2994 128 3045 ll
205 2965 367 3029 Conciliato
387 2971 489 3049 populi
510 2970 612 3033 lavore
633 2971 785 3051 temptavit
806 2971 994 3051 per'purtem
1014 2970 1143 3031 tribuno·
1233 2975 1234 3018 l

86 3111 88 3119 ,
141 3068 220 3127 rum,
236 3059 268 3109 ut
282 3051 336 3112 sibi
348 3051 503 3136 Aegyptus
519 3057 669 3135 prouincia
686 3056 767 3136 plebi
782 3056 856 3116 scito
873 3056 989 3117 daretur
996 3043 1012 3133 ,Χ
1021 3064 1145 3116 nanetus
1233 3103 1234 3138 p

139 3133 359 3195 extraordinarii
380 3138 711 3221 imperii-occasionem,
735 3139 1021 3219 quot'Atexandrini
1039 3157 1144 3217 regem
1233 3151 1234 3204 l

139 3235 221 3278 suum
235 3220 345 3279 socium
360 3229 447 3300 atque
464 3223 584 3283 amicum
601 3242 617 3284 a
633 3232 735 3283 senatu
756 3224 935 3303 appellatum
956 3223 1182 3302 expulerant,c⁵
1233 3239 1234 3246 ¹

138 3313 248 3381 resque
264 3302 354 3379 vulgo
368 3304 587 3383 inprobabatur.
616 3305 682 3366 Nec
697 3306 819 3367 obtinuit
833 3306 1006 3368 adversante
1021 3307 1144 3385 optima·
1233 3377 1234 3384 ἵ

138 3388 207 3448 tium
229 3384 371 3464 factione,
395 3404 515 3466 quorum
533 3390 733 3449 auctoritatem
749 3398 781 3449 ut
802 3385 905 3468 quibus
927 3398 1030 3471 posset
1048 3391 1145 3450 modis

84 3478 88 3486 “
138 3470 280 3543 invicem
302 3470 493 3549 declareret,
520 3479 643 3551 tropaea
665 3473 717 3535 Gai
733 3474 806 3536 llari
832 3473 868 3537 de
888 3473 1025 3553 lugurtbs
1046 3472 1144 3556 deque
