2475 3775
1222 12 1224 124 l

151 150 221 219 158‘
239 171 268 219 o.
285 169 435 218 sunnonr
452 166 742 228 unumunurm
764 167 947 216 consanum
961 139 1031 214 ure.
1046 167 1079 214 v,
1140 157 1142 164 ’

131 341 264 405 perque
283 324 412 385 medium
438 339 572 400 caream,
599 321 768 385 sedentibus
794 340 830 383 ac
852 321 1002 382 silentibus
1026 324 1146 400 eunctis,

72 461 80 478 ,
150 408 362 470 descendisset.
407 407 492 468 Fecit
520 417 551 467 et
579 405 769 483 Saeculares,
803 407 885 485 quasi
910 407 1090 485 anticipatos·
1111 407 1149 467 ab

150 493 284 570 Augusto
299 508 358 552 nec
381 492 512 569 legitimo
532 491 657 571 tempori
678 500 861 569 reservatos,
881 492 1010 569 quamvis
1033 492 1146 571 ipsein
1220 533 1224 582 ,

150 577 281 646 historiis
295 579 355 646 suis
368 576 490 655 prodat,
510 577 691 638 intermissos
713 592 766 641 eos
780 575 941 652 Augustum
960 575 1052 635 multo
1069 582 1145 653 post,

151 661 370 738 diligentissime
382 678 520 720 annorum
527 663 639 722 ratione
649 659 797 736 subducta,
808 660 837 719 ln
849 659 976 721 ordinem
984 658 1167 736 redegisses

88 785 92 792 -
151 746 249 821 Quare
261 763 321 805 rox
335 745 491 824 praeconis
509 745 594 806 irrisa
616 753 679 820 est,
702 744 846 804 invitantis
860 760 942 804 more
962 742 1096 804 sollemni
1106 743 1146 802 'ad

148 829 249 906 ludos,
265 844 344 909 quos
357 829 769 910 aecspcetussetqus’uqunm
779 845 837 888 nec
846 833 1044 906 spectaturus
1055 834 1145 903 meet,

150 931 214 974 cum
229 919 423 993 superessent
437 911 531 972 adbuc
544 913 593 992 qui
615 920 835 992 spectaverant,
859 920 888 972 et
903 911 1016 990 quidam
1031 911 1145 972 histrio·

121 995 214 1057 ‘num
236 994 371 1075 producti
394 995 463 1057 olim
487 1005 557 1055 tnnc
577 1014 697 1076 quoquc
715 993 954 1075 producerentur.
988 993 1146 1056 Circenses
1222 1036 1224 1054 .

147 1078 317 1159 frequenter
339 1081 426 1140 etiam
440 1082 628 1141 in'Vaticano
654 1081 808 1157 commisit,
831 1081 1176 1160 nonnumquaminter-ro

147 1165 222 1224 lecta
241 1182 298 1242 per
320 1165 425 1244 quinos
438 1165 543 1226 missus
563 1165 728 1226 remotione.
747 1162 836 1225 Circo
848 1182 920 1225 uero
933 1165 1058 1225 maximo
1072 1182 1144 1224 mar·

145 1249 254 1309 moreis
270 1249 437 1309 carcenbns
459 1249 628 1328 aureusque
650 1249 848 1327 metis,·quae
867 1258 988 1328 utraque
1009 1258 1038 1310 et
1056 1249 1146 1309 telina

146 1351 181 1393 ac
193 1333 291 1411 lignea
302 1333 519 1411 antoninorum,
533 1333 661 1410 exculto,
674 1334 794 1412 propria
806 1333 987 1393 senatoribus
999 1334 1147 1394 constituit

146 1418 211 1478 loca
227 1419 395 1497 promiscue
414 1427 551 1496 spectare
571 1417 682 1486 solitis;
708 1435 744 1477 uc
762 1435 851 1497 super
864 1417 1068 1496 quadrigarum
1084 1435 1145 1478 eer-

146 1503 251 1563 tamina
265 1502 372 1576 Troiae
388 1502 480 1562 lusum
492 1501 622 1562 exhibuit
636 1510 667 1561 et
679 1495 850 1578 Africanas,
861 1499 1040 1562 'conficiente
1055 1511 1146 1563 turma
1155 1519 1176 1560 rs

146 1588 272 1664 equitum
287 1588 550 1664 praetorianorum,
567 1585 689 1646 ducibus
700 1585 824 1668 ⁴tribunis
837 1587 962 1665 ipsoque
977 1587 1144 1665 praelecto;

146 1679 301 1749 praeterea
327 1669 485 1731 Thessalos
512 1672 642 1749 equites,
670 1672 717 1748 qui
745 1669 828 1730 leros
853 1679 952 1749 tauros
978 1687 1033 1749 per
1055 1674 1146 1752 spatia

147 1755 217 1813 circi
237 1763 326 1831 agunt
345 1754 530 1834 insiliuntque
552 1751 688 1816 defessos
708 1763 738 1814 et
758 1754 801 1815 ad.
815 1763 920 1816 terram
944 1752 1082 1814 cornibus
1098 1753 1145 1813 de·
1220 1789 1224 1808 .

145 1837 269 1899 trabunt.
889 1879 890 1884 κ

208 1923 384 1984 Gladiatoria
412 1942 532 1984 munera
554 1922 732 2000 plurifariam
754 1940 789 1983 ac
810 1923 978 2001 multiplicia
1001 1920 1177 1983 exhibuimus

146 2009 372 2077 anniversarium
393 2009 422 2067 in
444 2010 548 2068 castris
564 2009 757 2086 praetorianis
773 2007 837 2066 sine
853 2008 1009 2067 venatione
1023 2024 1146 2085 appara-

146 2098 253 2167 tuque,
274 2094 377 2152 iustum
394 2100 482 2169 atque
501 2089 661 2168 legitimum
674 2092 703 2149 in
718 2091 832 2169 Septis;
861 2090 968 2151 ibidem
986 2088 1146 2150 exbaordi·

146 2174 256 2242 narium
280 2183 310 2233 et
330 2173 422 2234 breve
444 2174 613 2253 dierumque
636 2190 808 2254 paucorum,
838 2174 971 2254 quodque
993 2174 1147 2254 appellare

142 2258 246 2333 ,coepit
261 2258 485 2336 sportulam,
503 2260 570 2336 quia
585 2259 707 2336 primum
719 2257 834 2317 daturus
847 2258 994 2335 edixerat,
1009 2258 1093 2319 oelut
1104 2256 1148 2317 ud

146 2338 282 2399 subdam
293 2340 527 2420 condictamque
538 2341 700 2402 coenulam
712 2341 848 2401 incitare
861 2360 895 2403 se
907 2343 1066 2421 populum.
1082 2340 1146 2402 Nec
1155 2362 1177 2401 m

144 2424 205 2485 ullo
223 2424 385 2504 spectaculi
399 2444 511 2502 genere
534 2426 710 2485 communior
731 2433 778 2485 aut
798 2429 947 2487 remissior
966 2435 1043 2503 erat,
1071 2425 1146 2487 adeo
1221 2500 1222 2507 ἵ

145 2518 176 2569 ut
189 2509 305 2569 oblatos
316 2508 477 2570 victoribus
488 2526 595 2570 aureos
604 2509 719 2588 prolata
731 2509 847 2570 sinistra
857 2512 967 2590 pariter
979 2528 1043 2569 cum
1056 2510 1146 2587 rulgo

145 2612 222 2655 voce
248 2593 403 2673 digitisque
422 2601 602 2670 numeraret,
635 2610 670 2653 ao
689 2593 940 2673 saepebortando
955 2592 1146 2672 rogandoque

145 2678 181 2737 ad
194 2679 368 2741 hilaritatem
382 2679 513 2740 homiues
531 2687 725 2757 provocaret,
741 2678 907 2739 dominos
921 2676 1079 2759 identidem
1096 2695 1145 2755 ap·

145 2756 277 2840 pellens,
299 2765 431 2824 immixtis
447 2762 587 2823 interdum
601 2760 716 2840 frigidis
730 2771 760 2823 et
774 2764 925 2823 arcessitis
939 2763 1029 2830 iocls;
1051 2762 1146 2840 qualis
1155 2780 1178 2821 eo

146 2850 193 2902 est
209 2854 239 2904 ut
252 2864 317 2907 cum
330 2846 497 2908 Palumbum
517 2846 730 2926 postulantibus
744 2845 874 2907 daturum
894 2865 928 2907 se
943 2848 1094 2926 promisit,
1119 2845 1150 2905 si

146 2932 258 3004 coptus
271 2936 358 2989 esset.
375 2930 449 2990 Illud
460 2931 547 3010 plane
560 2926 740 3010 quantumvis
752 2929 907 2991 salubriter
915 2940 945 2991 et
958 2932 1146 3009 intempore:

147 3025 210 3068 cum
227 3011 391 3090 essedario,
413 3032 468 3093 pro
490 3032 547 3094 quo
601 3022 696 3073 attuor
710 3014 751 3075 lili
765 3012 1015 3094 deprecabantur,
1037 3030 1146 3093 magno
1220 3028 1221 3035 ¹

145 3094 269 3154 omnium
284 3095 387 3155 lavore
406 3097 511 3157 indulsi
574 3097 705 3174 nudem,
726 3098 851 3159 tabulam
867 3100 936 3159 ilico
955 3098 1032 3158 misit
1049 3099 1147 3159 admo·

144 3194 217 3238 nens
229 3178 376 3257 populum,
391 3186 507 3258 quanto
517 3198 611 3259 opere
622 3180 737 3242 liberos
747 3183 908 3261 macipere
917 3181 1053 3261 deberet,
1069 3198 1180 3263 quosne

142 3262 264 3323 videret
283 3267 314 3321 et
333 3261 507 3341 gladiatori
516 3265 688 3342 ‘pracsidio
706 3266 890 3347 gratiaeque
903 3284 980 3328 esse.
1001 3266 1102 3327 Edidit
1116 3274 1148 3325 et
1219 3338 1220 3341 Ἴ

142 3346 171 3405 in
194 3347 298 3408 llartio
321 3362 423 3423 campo
446 3351 690 3424 expugnationem
715 3348 963 3429 direptionemque
987 3353 1089 3431 oppidi
1111 3348 1148 3411 ad
1219 3368 1220 3379 ¹

141 3429 294 3508 imaginem
310 3428 445 3523 bellicam
461 3438 489 3489 et
510 3429 685 3517 deditionem
700 3432 863 3496 Britanniae
880 3453 1000 3513 regum,
1023 3452 1147 3515 praese·

62 3654 253 3720 A..
