2475 3775
61 523 137 566 Codex
144 523 212 567 Medi·

58 586 110 615 rens
135 576 211 616 tertius

60 2519 151 2606 slusam
162 2513 209 2556 arfi-

215 188 302 240 mv
557 190 767 240 PRAEFATIO.

222 351 284 407 dem
303 350 439 405 librorum
461 350 621 407 discrimina
645 354 713 419 quot
735 355 889 421 temporum
908 350 1028 405 decursa
1052 349 1125 405 iacta

221 440 300 503 sunt,
320 439 348 489 at
366 432 462 488 eadem
477 439 554 487 certe
569 449 675 501 genera
692 447 727 485 ec
740 431 872 488 familiae.

284 517 315 571 ln
334 516 445 587 optimis
466 522 494 569 et
515 514 716 584 antiquissimis
734 515 879 572 codicibus
900 519 965 586 post
985 514 1127 571 Memmia*
1182 522 1186 543 ¹

221 616 285 656 num
312 600 374 654 iure
402 603 530 651 censetur
557 596 734 651 Florentinus
761 597 947 653 Madioeus
976 598 1065 669 plutei
1092 604 1129 657 68
1225 629 1226 642 2

220 698 334 739 numero
351 685 368 738 7
388 674 447 751 (ap.
463 679 641 735 Moutiaucon
657 674 706 751 lc)
728 680 809 735 Sacc.
825 680 872 735 ΧΙ.
897 680 972 736 binis
988 680 1126 735 columnis

219 766 351 837 scriptus.
397 762 519 817 Tertium
539 763 626 832 vulgo
653 762 795 818 nominant
820 757 1052 835 hiediceorumss)
1076 779 1127 817 eo-

220 864 296 916 rum,
320 862 389 917 quos
413 845 530 901 Iacobus
550 844 686 900 Friderici
711 846 732 899 1.
749 844 906 901 Gronovius
932 845 967 901 ad
986 845 1126 915 margines

221 928 374 1001 Gryphiaui
390 928 509 999 exempli
531 944 556 983 a.
573 933 642 986 1544
656 928 724 983 editi
740 930 859 985 collatos
874 928 1054 999 possidebat,
1076 928 1127 983 sed

220 1013 312 1084 aliqua
328 1010 499 1067 conscientia
513 1011 694 1082 praepeditus
711 1028 802 1082 neque
817 1012 879 1084 ipse
894 1011 922 1066 in
937 1028 987 1067 sua
1003 1011 1127 1067 editione

221 1094 347 1151 adhibuit
361 1111 451 1165 nequa
466 1093 530 1149 aliis
551 1094 670 1150 utendos
684 1094 825 1166 permisit;
850 1095 940 1150 donec
953 1094 1126 1150 Abrabamas

222 1176 378 1234 Gronovius
393 1182 473 1248 patre
489 1193 541 1233 suo
556 1182 665 1233 mortuo
682 1194 731 1233 eas
745 1178 842 1249 copias
854 1176 1054 1250 Oudendorpio
1068 1182 1127 1231 tra-

219 1260 298 1317 didit.
343 1259 403 1315 Non
423 1260 494 1316 male
515 1260 611 1316 collati
635 1276 700 1317 esse
721 1261 868 1330 videntur,
894 1261 946 1316 sed
966 1260 1127 1331 frequenter

219 1342 328 1399 numeri
346 1344 445 1415 quibus
469 1342 676 1413 distinguuntur
700 1350 724 1401 1.
748 1349 815 1402 26
838 1342 936 1398 nescio
961 1344 1041 1398 cuius
1057 1341 1127 1398 vitio

220 1426 330 1483 confusi
352 1432 434 1494 sunt,
456 1442 509 1497 qua
530 1442 562 1481 re
586 1441 680 1481 eorum
703 1426 839 1480 librorum
862 1425 1014 1482 auctoritas
1037 1425 1127 1481 minus

220 1516 297 1565 certa
320 1510 374 1564 fide
396 1509 501 1563 aititur.
541 1507 633 1563 Huius
656 1508 743 1578 igitur
758 1508 833 1562 tertii
853 1508 1053 1579 praestantiam
1073 1508 1128 1562 ianr

219 1592 372 1647 Politianur
397 1595 571 1661 cognoverat
595 1590 717 1661 ideoque
739 1589 894 1646 contulerat
915 1606 941 1645 a.
963 1595 1046 1654 1180;
1064 1606 1127 1646 nam

220 1674 245 1730 is
260 1672 436 1729 Florentinus
458 1673 549 1729 codex
569 1690 605 1727 ex
621 1674 653 1727 1).
670 1673 756 1729 Marci
772 1673 944 1729 bibliotheca
961 1688 1042 1744 quem
1059 1689 1129 1728 con-
1225 1709 1226 1722 2

219 1756 319 1813 tulisse
335 1774 366 1814 sa
384 1756 423 1813 ait
437 1773 492 1813 non
509 1756 579 1813 alius
595 1754 647 1811 iuit
661 1762 745 1829 atque
759 1756 901 1812 Mediceus
912 1762 940 1826 3,
957 1755 988 1811 id
1002 1757 1077 1825 quod
1092 1772 1129 1811 cx

219 1838 297 1898 vitiis
317 1840 360 1896 illi
380 1840 504 1914 propriis
522 1838 703 1911 intelligitun
721 1841 809 1897 verba
830 1857 859 1913 p.
875 1846 943 1910 129,
964 1845 996 1898 21
1020 1844 1050 1894 ar
1068 1840 1128 1910 qai·

220 1924 284 1980 dam
295 1929 412 1996 patant,-
431 1939 457 1996 ρ.
470 1930 531 1994 249,
550 1929 565 1983 7
581 1925 642 1978 illua
655 1924 708 1979 siha·
720 1923 887 1987 reddideram
899 1941 929 1995 p.
944 1929 1006 1991 250,
1020 1929 1055 1980 22
1069 1925 1128 1976 iaa-
1224 1984 1226 1987 ¹

219 2013 296 2063 serat
310 2008 410 2064 deesse
421 2007 573 2062 Politianus
589 2012 617 2061 at
633 2004 791 2063 Gronovius
806 2005 990 2077 prodiderunt
1006 2005 1070 2062 soli.
1100 2003 1128 2060 ls
1198 2045 1202 2061 ‚

219 2089 308 2159 igitur
323 2090 397 2144 liber
414 2090 449 2144 ad
464 2087 656 2144 Memmianum
670 2089 797 2160 proxime
804 2083 839 2153 13)
859 2088 971 2144 accedit
991 2105 1025 2144 ac
1039 2103 1127 2160 saepe

218 2171 295 2227 solus
313 2186 373 2225 cunr
394 2187 428 2225 co
450 2171 496 2225 vel
520 2176 599 2226 recte
620 2171 744 2226 servavit
759 2171 805 2226 vel
828 2176 1052 2243 corruptumst,
1075 2170 1126 2226 cia.

217 2269 246 2324 p·
261 2259 313 2323 21,
327 2259 362 2312 30
376 2257 402 2307 et
417 2254 444 2306 vi
457 2253 601 2308 Nicomedi
613 2253 762 2324 scriptum
779 2271 806 2326 p.
821 2259 873 2323 32,
887 2260 923 2314 26
938 2259 1031 2323 e116,
1050 2259 1083 2311 12
1098 2259 1130 2309 at

217 2341 262 2405 92,
280 2341 313 2394 31
331 2335 407 2390 libras
423 2340 451 2390 et
463 2337 599 2406 inperviam
615 2341 644 2391 et
660 2337 718 2390 ecs
732 2337 844 2394 omissa.
890 2337 946 2394 Sed
961 2338 1047 2392 multo
1062 2353 1129 2392 sae-

217 2418 280 2490 pius
296 2417 487 2475 ahiemmiano
501 2419 636 2476 desciscit
651 2425 679 2474 et
693 2420 728 2475 ed
740 2421 857 2476 altarum
872 2435 974 2491 genus,
991 2419 1070 2475 cuius
1084 2425 1129 2474 cst

217 2501 402 2558 hediceus
419 2501 571 2574 primus,
595 2501 836 2573 debachantes!
852 2519 913 2560 oum
930 2503 1128 2573 eosolopec-

219 2591 279 2657 cet,
302 2591 332 2641 ut
347 2601 372 2657 p.
391 2590 440 2654 19,
454 2589 488 2644 36
504 2587 533 2638 in
549 2585 606 2640 dies
624 2590 653 2638 et
668 2602 695 2655 p.
712 2591 773 2655 104,
790 2591 824 2645 11
837 2603 968 2659 umquam
982 2585 1125 2654 emittens,

219 2669 264 2724 vel
280 2685 341 2740 cum
357 2667 532 2725 multitudine
548 2667 718 2722 deteriorum
736 2668 871 2726 librorum
887 2669 1013 2726 Mediceo
1035 2667 1128 2740 primo

221 2749 342 2806 aibniam
373 2752 469 2808 eedem
499 2751 661 2822 corruptela
691 2751 820 2807 taboret:
861 2753 1128 2808 Tornaccnsem

221 2861 427 2874 ..ι-ψ...-

289 2923 337 2990 12)
355 2927 451 2977 Novem
462 2928 575 2979 Suetonii
589 2929 706 2994 exempta
716 2927 830 2978 Medicea
842 2937 990 2978 enumerant
1003 2936 1028 2978 et
1042 2930 1128 2979 Mont-

220 2991 312 3043 iaucon
332 3001 356 3043 et
373 2995 488 3055 Benarni,
506 2998 570 3061 plut.
590 2997 634 3057 64,
654 2996 730 3048 3-9.
747 2995 790 3057 66,
808 2995 850 3046 36.
867 2997 910 3057 68,
925 2998 940 3046 7
959 2996 1062 3062 (Menti.
1079 2994 1127 3062 10)

219 3059 341 3124 pleraque
359 3077 425 3113 saec.
441 3061 497 3113 XV.

290 3141 336 3204 13)
351 3144 401 3195 Eos
419 3145 476 3194 dice
495 3149 538 3209 qui
556 3154 700 3197 constanter
717 3149 855 3212 comparati
871 3157 938 3199 sunt.
973 3149 1040 3197 Nem
1053 3148 1127 3197 Pari-

220 3211 303 3260 sinum
319 3209 389 3264 5604
406 3227 473 3265 saec.
488 3212 545 3265 XV.
561 3216 654 3277 ubique
672 3215 727 3264 fere
745 3231 801 3264 cum
814 3217 965 3267 Memmiana
980 3217 1063 3266 iacere
1079 3217 1127 3264 de-

219 3278 351 3342 prehendi.
387 3279 458 3330 Certe
476 3281 647 3332 Parisinorum
666 3283 735 3332 solus
753 3299 810 3332 cum
832 3285 982 3335 Memmiana
1005 3300 1032 3350 p.
1052 3283 1083 3343 3,
1109 3282 1127 3332 8

219 3346 318 3396 Annaea
332 3363 411 3413 opens
424 3355 534 3409 cestram
551 3365 577 3414 p.
593 3349 638 3412 53,
655 3350 672 3400 3
688 3354 798 3415 excerpti
812 3355 839 3404 ia
851 3356 1000 3415 permar,-
1018 3368 1045 3418 p.
1066 3352 1127 3411 lor,

221 3414 254 3466 18
271 3429 326 3466 earn
337 3421 442 3482 amptius
454 3418 574 3482 scriptum
592 3417 677 3471 habet.
