2475 3775
86 118 91 126 ’
154 132 216 199 258
262 142 287 189 ·.
400 144 431 193 c.
447 145 638 195 susrouros
658 144 899 206 unauoomnns

155 300 328 365 Archelaum
347 298 502 380 Pompeius
522 299 671 376 Lenaeus,
699 300 774 379 apud
794 298 987 361 Philocomum
1008 300 1164 366 Valerius

71 389 74 392 ’
156 385 228 447 Cato
245 382 421 463 praedicant.
954 425 961 441 ι
991 385 996 394 ’

215 467 413 528 Instruxerunt
430 476 626 545 auxeruntque
642 464 677 526 ab
694 468 770 527 omni
785 476 868 546 parte
884 469 1105 544 grammaticam
1123 470 1157 534 L.

155 553 258 614 Aelius
267 551 428 612 Lanuvinus
439 569 589 629 generque
601 549 679 610 Aelii
691 550 755 609 Ser.
769 549 904 627 Clodius,
916 559 1037 629 uterque
1054 569 1157 630 eques
1203 571 1212 586 “

127 638 210 698 suo.
227 635 363 713 multique
381 636 500 698 aerarii
518 644 548 694 et
564 634 591 694 in
603 634 734 700 doctrina
752 643 780 696 et
793 635 877 694 inre
895 651 1014 716 posue
1043 635 1177 700 Aeliusr

157 721 330 797 cognomine
347 717 453 798 duplici
467 717 533 786 triu
551 735 615 778 nam
632 727 661 776 et
671 717 875 795 Praeconinus,
894 717 970 797 quod
981 727 1067 797 pater
1088 721 1154 780 eius

157 804 343 884 praeconium
353 800 479 877 fecerat,
491 800 664 876 vocabatur,
678 810 706 860 et
717 801 805 880 stilo,
819 800 896 879 quod
907 802 1052 863 orationes
1066 803 1152 864 nobi·

157 887 266 948 lissimo
283 885 386 962 cuique
403 884 532 944 scribere
547 883 675 954 solebat;
691 893 785 945 tantus
799 887 973 964 optimatium
987 886 1105 965 fautor,
1120 896 1153 946 ut

157 969 304 1033 Metellum
320 966 499 1027 Numidicum
520 968 679 1028 inexilium
701 970 851 1030 comitatus
866 971 911 1028 sit.
926 971 1060 1047 Servius,
1084 989 1151 1030 oum

35 1077 41 1084 ·
157 1056 262 1118 librum
275 1051 372 1114 soceri
388 1050 511 1112 nondum
522 1050 628 1114 editum
642 1051 742 1116 fraude
753 1053 972 1132 intercepisset,
991 1063 1020 1114 et
1033 1053 1073 1114 ob
1092 1055 1150 1115 lroc
1161 1077 1184 1118 ro

156 1136 447 1217 repudiatus‘pudore
460 1153 495 1196 ac
508 1133 604 1195 taedio
617 1138 791 1196 secessisset
803 1135 838 1196 ab
850 1135 940 1216 urbe,
954 1138 984 1196 in
996 1137 1151 1216 podagrae

155 1222 285 1282 morbum
302 1220 418 1288 incidit;
440 1222 520 1280 cuius
534 1221 685 1300 impatiens
701 1235 814 1298 veneno
831 1219 885 1280 sibi
901 1224 1034 1299 perunxit
1052 1222 1151 1301 pedes
1219 1269 1220 1296 q

156 1315 186 1366 et
200 1306 314 1365 enecuit
327 1305 382 1380 ita,
397 1313 427 1366 ut
438 1312 521 1383 parte
536 1321 570 1364 aa
583 1305 717 1383 corporis
731 1304 811 1382 qnasi
827 1314 1009 1382 praemortua
1021 1305 1149 1364 viveret.

217 1386 342 1450 Posthac
363 1389 457 1464 magis
472 1406 507 1447 ac
523 1388 615 1464 magis
638 1395 666 1445 et
681 1389 773 1464 gratia
795 1396 824 1447 et
845 1405 913 1449 cura
929 1390 997 1448 artis
1011 1389 1150 1462 increvit,

158 1483 187 1533 ιιι
201 1489 237 1532 ne
251 1471 400 1532 clarissimi
415 1472 529 1550 quidem
542 1471 597 1530 viri
609 1470 795 1531 abstinuerint
811 1489 867 1549 quo
878 1473 969 1531 minus
984 1481 1013 1532 et
1026 1473 1084 1551 ipsi
1096 1472 1148 1530 ali·
1161 1491 1185 1531 rs

158 1556 282 1638 quidde
303 1573 337 1614 ea
359 1553 535 1631 scriberent,
560 1563 646 1632 utque
666 1554 851 1634 temporibus·
867 1555 1035 1634 quibusdam
1057 1573 1151 1634 super
1219 1567 1220 1594 ³

73 1656 75 1660 ·
157 1641 257 1715 viginti
273 1637 406 1701 celebres
422 1638 541 1700 scholae
556 1637 646 1697 luisse
657 1639 686 1696 in
702 1638 772 1698 urbe
785 1638 947 1708 tradantur;
965 1640 1056 1718 pretia
1073 1655 1150 1698 vero

157 1723 406 1800 grammaticorum
427 1729 509 1796 tanta·
523 1721 732 1802 mercedesque
752 1731 808 1781 tam
828 1739 962 1800 magnae,
984 1732 1014 1782 ut
1033 1730 1152 1784 constet

128 1850 131 1854 ι
156 1807 293 1867 Lutatium
307 1804 503 1885 Daphnidem,
529 1823 613 1886 quem
628 1803 750 1864 Laevius
762 1805 897 1866 Melissus
913 1823 966 1885 per
989 1806 1149 1866 cavillatio·
1219 1841 1220 1867 ι

157 1907 223 1953 nem
234 1891 354 1951 nominis
366 1890 461 1951 Panos
475 1908 590 1967 agasma
601 1890 685 1966 dicit,
700 1889 786 1951 DCC.
798 1891 912 1951 milibus
926 1908 1065 1949 nummum
1078 1908 1095 1949 a
1111 1891 1183 1971 Qec

158 1975 261 2037 Catulo
278 1984 401 2052 emptum
417 1992 452 2033 ac
467 1973 550 2033 brevi
562 1974 778 2050 manumissum,
794 1973 824 2034 lr.
837 1974 989 2053 Apuleium
1003 1973 1040 2033 als
1052 1972 1150 2033 Elicio

136 2112 142 2124 ,
159 2057 280 2119 Calvino
297 2060 393 2135 equite
404 2058 533 2117 Romano
545 2057 705 2138 praediuite
722 2056 925 2136 quadringenis
937 2058 1036 2117 annuis
1055 2056 1149 2117 *con-

158 2140 260 2200 ductos
275 2140 379 2199 multos
395 2139 542 2199 edoceret.
567 2139 640 2201 Nam
655 2142 684 2200 in
699 2142 865 2219 provincias
875 2158 991 2220 quoque
1006 2158 1149 2217 gramma-

158 2225 215 2283 tica
232 2231 450 2300 penetraverat,
468 2241 503 2283 ac
519 2224 647 2282 nonnulli
658 2223 695 2283 de
711 2224 868 2284 notissimis
883 2224 1051 2285 doctoribus
1063 2242 1149 2301 pere-

158 2324 212 2385 gre
234 2304 407 2381 docuerunt‚
431 2308 554 2364 maxime
573 2307 601 2364 in
617 2301 709 2365 Gallia
732 2307 859 2384 Togata3
882 2310 957 2368 inter
972 2326 1046 2387 quos
1062 2308 1182 2368 Octa-rs

157 2392 221 2451 vius
233 2389 346 2449 Teucer
363 2396 392 2447 et
402 2388 579 2449 Pescennius
594 2386 697 2449 Iaccus
714 2399 743 2449 et
754 2388 866 2470 Oppius
881 2390 1005 2461 Charax
1023 2392 1071 2452 hic
1088 2394 1150 2472 qui-

158 2475 223 2536 dem
239 2473 275 2534 ad
296 2473 420 2533 ultimam
441 2481 581 2548 aetatem,
603 2481 634 2532 et
657 2490 719 2533 curn
748 2475 802 2533 iam
821 2493 878 2535 non
902 2477 1036 2553 ingressu
1061 2478 1149 2537 modo

158 2559 331 2622 detineretur
346 2556 398 2617 sed
413 2566 443 2617 et
454 2558 529 2616 visu.
821 2578 824 2587 ·

133 2659 151 2711 4
221 2642 388 2721 Appellatio
403 2640 653 2718 grammaticorum
667 2640 778 2703 Graeca
799 2643 1001 2703 consuetudine
1016 2643 1149 2713 invaluit3

160 2724 210 2785 sed
222 2728 302 2787 initio
313 2726 429 2786 litterati
435 2724 622 2786 vocabantur.
641 2723 794 2786 Cornelius
807 2743 922 2807 quoque
930 2724 1033 2806 Nepos
1046 2726 1181 2793 libelloac

160 2810 229 2885 quo'
240 2808 387 2886 distinguit
403 2808 556 2870 litteratum
573 2808 609 2867 ab
627 2810 753 2886 erudito,
769 2809 910 2871 litteratos
931 2811 1045 2890 quidem
1060 2814 1150 2890 rulgo

160 2890 301 2967 appellari
322 2893 361 2951 ait
379 2909 431 2951 eos
449 2894 498 2973 qui
513 2891 620 2970 aliquid
637 2892 790 2970 diligenter
807 2903 837 2954 et
861 2904 943 2955 acute
965 2896 1151 2975 scienterque

160 2973 273 3049 possint
284 2983 331 3032 aut
343 2972 441 3034 dicere
452 2985 499 3035 aut
511 2974 653 3049 scribere,
670 2984 796 3036 ceterum
813 2979 933 3056 proprie
944 2979 987 3038 sic
1000 2980 1153 3059 appellan-

161 3054 214 3114 dos
230 3062 380 3138 poetarum
391 3056 581 3137 interpretes,
593 3060 641 3136 qui
652 3077 667 3117 a
681 3058 800 3120 Graecis
811 3052 989 3138 grammatici
1001 3066 1149 3123 nominen-

159 3146 214 3201 tur,
226 3134 354 3195 llosdem
367 3134 543 3201 litteratores
555 3144 700 3204 vocitatos
709 3140 834 3217 Messala
843 3143 1020 3206 Corvinusin
1028 3148 1149 3226 quadam
1158 3167 1180 3209 as

161 3218 285 3299 epistola
299 3220 437 3295 ostendit,
453 3241 515 3283 uon
527 3242 595 3285 cccc
605 3224 668 3286 sibi
681 3224 780 3287 dicens
791 3246 855 3287 reos
865 3247 932 3288 cum
947 3228 1043 3291 Furio
1055 3229 1148 3292 stoa-

160 3302 241 3376 culo,
257 3319 296 3361 πο
309 3320 376 3363 cam
392 3300 499 3364 Ticida
513 3306 633 3387 qoidcru
649 3316 703 3369 out
716 3310 1044 3393 litteratoreCctonc,·
1060 3317 1148 3392 signi·

159 3384 228 3444 ilcat
238 3384 313 3447 enlm
324 3385 400 3446 haud
411 3384 495 3447 dubie
507 3390 653 3451 Valerium
665 3391 816 3480 Catonem,
833 3386 947 3475 poetam
958 3398 1042 3459 simul
1055 3415 1148 3477 gram·
