2475 3775
417 195 418 198 η
473 133 588 220 ‘uiuus
605 170 730 220 ruerus.
919 181 948 196 ¹·
1054 160 1100 222 ιι

111 343 168 403 que
189 324 317 384 ordinum
338 339 449 400 genere
468 324 516 392 uel
528 326 672 387 ¹inuitatos
692 324 859 404 relapoute
879 325 962 386 adse
978 342 1100 395 comme·
1172 361 1175 368 -

6 419 8 486 ξ
111 409 185 468 antis
196 408 339 467 uberrime
352 409 502 484 congiario
517 408 762 488 prosequebatur,
777 407 899 468 libertos
910 410 1027 488 insuper
1040 429 1101 470 ser·

6 489 7 492 ’
112 491 256 570 rulosqne
265 491 420 569 cuiusque,
436 501 521 570 prout
532 491 823 571 dominu‘pntronovc
835 500 935 568 gratus
948 494 996 570 qui
1011 504 1099 554 esset.

111 575 182 636 Tum
203 592 317 636 reorum
337 584 384 636 aut
400 573 599 657 obaeratorum
618 585 666 636 aut
680 575 821 654 prodigae
838 577 991 647 inventutis
1009 577 1100 637 subsi-

87 660 187 725 cdium
199 661 312 720 unicum
331 677 366 718 ac
383 659 623 738 promptissimum
637 668 715 736 erat,
738 660 792 719 nisi
815 676 889 737 quos
908 660 1026 736 gravior
1046 663 1100 720 cri-

109 745 215 803 minum
225 743 275 802 uel
292 743 405 822 inopiae
420 743 586 805 luxuriaeue
603 743 647 802 vis
660 751 795 820 urgeret,
817 761 899 820 quam
915 751 944 802 ut
956 743 1100 804 subveniri

111 833 212 906 posset
230 839 246 886 a
267 844 315 895 ιιι
336 824 381 886 his
401 825 486 904 plane
499 827 594 906 palam
608 826 689 888 aeuo
706 826 790 889 cicili
801 844 882 905 opus
895 843 963 886 eece
977 827 1100 888 dicebat.

109 911 174 970 Nec
193 911 305 971 minore
318 910 420 970 studio
437 927 524 987 reges
545 918 631 988 atque
647 911 812 990 provincias
830 928 884 989 per
903 920 1041 972 terrarum
1055 918 1144 976 or228

111 993 178 1053 bun
195 993 366 1070 adiiciebat,
391 993 454 1054 aliis
476 995 656 1072 captivorum
675 994 752 1060 milia
772 993 848 1056 dono
869 994 1012 1070 offerens,
1039 992 1102 1057 aliis
1213 1007 1216 1012 ’

73 1103 101 1143 m
112 1080 182 1138 citra
197 1087 313 1138 senatus
328 1076 485 1156 populique
500 1079 787 1156 auctoritatemque
801 1077 911 1137 vellent
925 1087 955 1137 et
969 1079 1102 1156 quotiens

110 1160 233 1238 uellent,
258 1161 363 1222 auxilia
387 1161 572 1238 rutmiuens,
598 1175 744 1240 superque
768 1160 867 1221 ltaliae
889 1161 1101 1240 Galliarumque

12 1267 14 1270 ’
109 1254 140 1306 et
154 1243 368 1324 Hispaniarum,
386 1244 474 1304 Asiae
491 1262 605 1323 quoque
628 1254 657 1304 et
672 1245 812 1306 Graeciae
827 1245 1040 1322 potentissimas
1056 1265 1101 1304 ur-

109 1329 164 1388 bes
179 1329 345 1408 praecipuis
358 1327 663 1407 operibus-enormem
679 1328 788 1404 donec,
803 1329 929 1393 attonitis
940 1329 997 1389 iam
1013 1331 1101 1388 omni·

109 1412 179 1488 ltus,
201 1420 230 1470 et
253 1427 388 1490 quorsum
410 1412 459 1472 illu
471 1411 634 1475 'tenderent
654 1413 866 1490 reputantibus,
886 1411 1000 1473 Marcus
1019 1411 1101 1477 Clau,-

74 1519 101 1558 ιι
111 1496 174 1557 dius
189 1493 343 1556 Marcellus
364 1495 580 1557 consuledicto
590 1494 755 1576 praelatus,
776 1495 813 1555 de
829 1512 935 1555 summa
949 1513 982 1556 ae
997 1513 1039 1554 re·
1052 1513 1100 1573 pu·

64 1644 66 1652 ,
108 1579 187 1640 blica
202 1587 344 1656 acerram,
365 1580 473 1640 rettulit
492 1579 528 1640 ad
547 1590 691 1656 senatum,
711 1589 742 1640 ut
763 1581 790 1640 ei
811 1578 1016 1652 succederetur
1036 1588 1101 1638 ante

108 1673 241 1742 tempus,
255 1659 389 1744 quonium
403 1662 482 1725 ballo
495 1659 631 1732 coniecto
646 1672 797 1742 parasset
818 1681 853 1722 ac
868 1663 967 1723 dimitti
982 1660 1120 1722 deberet'

109 1748 205 1809 mator
233 1747 390 1816 exercitum
420 1755 449 1808 et
476 1764 512 1806 ne
535 1747 663 1808 absentis
691 1748 765 1823 ratio
790 1747 910 1813 comitiis
936 1745 1101 1820 haberetur,

109 1829 294 1911 quandonec
308 1830 388 1911 plebi
404 1831 477 1893 scito
493 1829 645 1910 Pompeius
661 1837 765 1909 postea
780 1828 963 1907 abrogasset.
1000 1829 1101 1909 (Acci-
1180 1882 1182 1892 ,

72 1916 194 1975 roderet
208 1924 316 1991 autern,
332 1924 363 1975 ut
377 1917 402 1975 ia
417 1914 512 1993 legem
528 1915 564 1977 de
578 1917 639 1978 iure
657 1915 871 1990 magistratuum
889 1913 988 1973 ferens
1002 1930 1039 1972 eo
1055 1931 1102 1971 ca·

110 2000 188 2080 pita,
208 2016 265 2077 quo
286 2000 424 2078 petitione
444 1999 583 2061 honorum
604 1997 733 2058 absentis
753 1996 1012 2073 submoveamus
1030 1995 1101 2055 Cae·

6 2118 11 2169 4
110 2100 205 2149 sarem
221 2082 334 2161 quidam
349 2084 514 2161 exciperet,
531 2100 583 2163 per
603 2082 790 2149 oblivionem:
811 2098 847 2141 ac
860 2098 944 2157 mox,
959 2080 1027 2157 lege
1047 2082 1103 2139 iam

110 2168 139 2225 in
162 2183 214 2225 aas
235 2168 325 2227 incisa
347 2176 377 2227 et
399 2167 428 2225 in
452 2168 590 2229 aerarium
611 2165 741 2241 condita,
763 2166 925 2242 corrigeret
945 2160 1101 2241 errorem.)

109 2249 174 2310 Nec
199 2257 347 2309 contentus
367 2249 522 2311 Marcellus
544 2250 707 2328 provincias
727 2247 847 2310 Caesari
869 2258 899 2312 et
920 2248 1103 2328 privilegium

71 2334 244 2422 meripere,
268 2334 364 2393 retulit
384 2334 485 2409 etiam,
510 2340 539 2392 ut
566 2334 691 2431 colonis,
718 2348 792 2411 quos
815 2334 968 2411 rogatione
989 2334 1102 2392 Vatinia

109 2417 224 2477 Novum
235 2378 367 2477 ¹(lentum
391 2416 572 2493 deduxisset,
599 2418 700 2477 ciuitas
730 2416 917 2493 adimeretur,
944 2415 1021 2494 quod
1050 2432 1103 2494 per

110 2499 294 2560 ambitionem
309 2510 338 2560 et
352 2501 424 2560 ultra
441 2461 649 2579 praescriptum
665 2500 730 2561 data
746 2510 835 2564 esset

175 2580 339 2645 Commotus
360 2584 403 2643 his
425 2582 558 2660 Cacsar,
568 2602 602 2645 ac
624 2584 769 2659 indicans,
791 2582 874 2679 quod
892 2600 981 2660 saepe
1007 2599 1045 2639 ea
1066 2590 1145 2645 eoae

110 2666 234 2735 anditum
255 2668 366 2745 lerunt,
388 2666 548 2745 difficilius
570 2684 604 2727 ae
620 2668 790 2745 principem
813 2665 947 2726 civitatis
966 2664 1102 2742 optimo

72 2772 101 2813 ao
111 2750 253 2812 ordine
240 2768 273 2813 ιιι
287 2712 451 2823 secumdum
470 2767 563 2849 quom
586 2768 625 2809 ec
641 2749 803 2811 comrade
791 2768 823 2809 ιιι
839 2748 1035 2809 malcolmum
1050 2748 1101 2809 de-

111 2834 210 2909 trudi,
224 2852 331 2895 summa
348 2853 405 2915 ope
420 2836 537 2911 restitit,
548 2836 653 2912 purtim
668 2852 721 2911 per
738 2821 948 2901 intercessores
964 2832 1103 2909 tribunos,

100 2920 215 2997 partlm
230 2937 285 2999 per
301 2922 429 2981 Seruium
444 2918 600 2998 Sulpicium
615 2918 735 2978 alterum
749 2916 905 2980 consulem.
939 2916 1103 3015 Insequenti

111 3014 230 3081 quoque
246 3022 319 3067 auno
336 3004 405 3065 Gaio
420 3003 577 3078 Marcello,
595 3004 641 3080 qui
657 3001 737 3062 fratri
754 3002 875 3081 patrueli
892 3018 947 3063 suu
961 3001 1084 3061 Marco
1075 3019 1104 3059 m

111 3087 263 3147 consulatu
276 3097 473 3163 successerat,
494 3086 594 3146 eadem
615 3094 786 3163 temptante,
810 3086 954 3163 collegam
969 3086 1030 3144 cius
1046 3084 1104 3143 Ae-

71 3170 218 3235 eemilium
234 3170 367 3247 Paulum,
388 3171 545 3248 Gaiumque
562 3168 715 3230 Curionem
728 3170 962 3229 violentissimum
978 3167 1103 3228 tribuno-

110 3272 175 3314 rnm
197 3257 306 3331 ingenti
320 3255 454 3317 mercede
476 3254 646 3315 defensores
662 3254 781 3331 paravit.
826 3253 884 3314 Sed
900 3271 963 3314 cnm
980 3251 1103 3311 obstina-

109 3340 170 3397 tius
185 3341 279 3401 omnia
299 3342 347 3417 agi
366 3338 478 3399 videret
498 3347 527 3397 et
547 3337 716 3415 designatos
737 3339 821 3399 etiam
839 3338 974 3398 consules
989 3354 1006 3395 e
1022 3342 1103 3411 parte
1172 3354 1180 3363 ·

109 3420 245 3501 diversa,
267 3434 395 3497 senatum
415 3423 516 3483 litteris
531 3422 707 3501 deprecatus
729 3432 788 3501 est,
810 3440 848 3483 ne
865 3420 919 3481 sibi
934 3418 1110 3478 beneficium.
