2475 3775
444 182 652 263 susurrum.
875 188 996 238 Lxxxv

85 356 115 413 p·
135 344 197 408 104,
215 344 249 399 18
266 334 272 417 Ι
291 346 326 399 23
343 346 390 395 aut
406 340 549 396 Tarentini
560 342 706 398 Lambinus
724 334 730 419 Ι
748 348 783 402 29
795 342 905 400 Marcie
918 347 990 403 Bon-

86 423 200 495 garsius
225 422 259 479 ad
278 421 411 479 lustinum
430 430 479 494 12,
506 430 539 483 15
562 430 591 481 et
605 425 784 481 Gesanbonns
802 442 855 498 pro
869 426 961 484 Mario
985 422 989 507 Ι

85 513 122 567 50
130 511 196 579 post
211 509 356 577 septimum
371 507 505 579 vinetus,
528 508 579 563 oir-
597 524 682 580 supra
694 510 787 565 adnot.
804 514 839 569 73
857 504 862 587 Ι
881 516 917 571 33
929 511 990 567 He·
1077 519 1081 527 '

84 596 178 645 matus
194 590 296 645 omittit
309 591 560 666 Heantephanus.

149 673 266 728 Persii
287 674 394 730 vitam
414 690 473 731 eam
490 690 561 745 quae
585 676 619 731 ad
642 691 695 731 nos
715 677 847 747 persenit
871 676 989 734 alienam
1010 691 1080 734 eona
1093 695 1147 737 me
1227 737 1228 756 Ι

17 740 27 757 ’
86 771 153 812 esse
177 773 193 811 a
219 756 356 813 Suetonio
378 764 406 813 et
423 764 534 814 veteres
555 758 622 815 libri
640 758 758 828 docent,
776 759 830 814 ‘de
850 776 986 821 commea·

84 840 160 896 tario
186 839 268 896 Probi
284 840 392 897 Valerii
419 840 570 897 subiatam’
591 836 791 914 testantes⁷⁴)‚
821 849 849 898 et
870 843 986 916 seriptie

84 923 150 995 ipsa
165 922 267 978 misere
286 925 448 995 perturbata
464 924 594 995 nullaque
615 925 644 983 iu
666 941 698 980 re
717 925 883 982 iueuientarn
901 927 987 984 irau-

86 1005 167 1077 qnilli
184 1006 337 1063 orationem
348 1008 488 1063 reterens.
522 1006 769 1063 Commeutetereru
784 1008 903 1080 aliquem
919 1028 986 1082 pro-

86 1090 156 1144 dunt
188 1095 328 1146 erratorem
357 1091 444 1147 verba
471 1106 542 1161 qnae
566 1090 595 1145 in
624 1090 674 1148 illa
700 1092 893 1157 vita.exetant
916 1094 986 1149 haee
1024 1121 1028 1128 ·

34 1243 39 1251 ¹
85 1167 178 1227 ‘hune
203 1172 292 1244 ipsum
316 1174 419 1229 librum
443 1172 635 1245 imperfectum
662 1174 805 1245 reliquit’‚
831 1176 986 1248 imperitum

85 1255 224 1311 hominem
241 1257 311 1311 haee
328 1257 482 1313 ‘Neronem
497 1256 572 1312 itlius
590 1257 725 1328 temporis
738 1257 922 1329 prinoipem'.
943 1260 985 1315 Ae

85 1354 122 1394 ne
138 1338 200 1409 quis
216 1339 375 1409 Hieronymi
387 1342 452 1395 loeo
468 1356 495 1411 p.
509 1344 573 1415 299¹,
597 1347 613 1398 5
630 1340 724 1411 posito
742 1340 870 1396 abutatur
885 1344 921 1399 ed
935 1360 983 1414 pa·

84 1422 277 1479 troeiuandum
295 1423 444 1493 Suetonio,
462 1423 523 1479 sive
541 1421 706 1479 Gasanhouo
720 1423 812 1495 potius
829 1422 858 1479 et
872 1426 984 1481 Barthio

86 1504 134 1574 qui
152 1505 233 1575 primi
248 1506 406 1562 Porsinnam
420 1505 504 1561 vitam
520 1506 645 1562 Suetonii
667 1522 731 1563 esse
747 1507 911 1577 voluerunt,
934 1507 984 1564 itte

84 1587 151 1643 loeo
167 1584 235 1643 nihii
253 1588 387 1659 eflicitur,
404 1588 459 1644 nisi
476 1590 550 1661 quod
563 1589 751 1660 unusquisque
765 1606 816 1661 per
832 1607 863 1645 se
878 1591 984 1647 intelli-

86 1670 149 1741 git,
170 1670 205 1725 de
226 1671 322 1729 Persio
339 1682 449 1744 quoque
464 1674 493 1727 in
511 1673 669 1729 illustribus
684 1672 754 1729 viris
775 1679 864 1730 aetum
879 1674 982 1739 tuisse;

85 1769 148 1809 nam
174 1770 228 1825 quo
255 1771 326 1814 enno
348 1755 448 1825 aliquis
469 1762 497 1809 et
516 1755 563 1810 ubi
586 1762 666 1811 natus
687 1756 725 1811 sit
741 1762 936 1827 mortuusque,
957 1757 986 1812 id

86 1843 165 1893 uerte
194 1853 229 1910 ne
258 1844 414 1910 postremus
439 1838 557 1908 quidem:
573 1838 649 1896 vitae
681 1838 802 1910 seriptor
823 1839 986 1911 praetermi-
1045 1892 1046 1895 ,

86 1920 165 1976 serit.
452 1969 453 1974 ,
625 1940 633 1951 s

151 2002 253 2060 Veram
269 2003 323 2060 alia
340 2021 386 2060 res
403 2011 446 2060 est
464 2005 498 2060 de
519 2002 650 2067 Luoani
669 2002 744 2060 rita
764 2021 791 2076 p.
807 2009 868 2074 299,
890 2011 925 2064 13
940 2021 985 2060 re·
996 2010 1074 2054 ineam
1091 2012 1144 2067 vna,

85 2085 159 2155 iata,
180 2087 253 2141 unde
276 2103 306 2142 re
322 2083 432 2162 vera⁷⁵)
453 2086 638 2158 Hieronymus
660 2104 692 2144 ee
707 2087 793 2144 verba
810 2103 881 2159 qnae
902 2105 985 2159 prae-

86 2169 231 2240 posuimus
248 2170 406 2243 exscripsit.
450 2171 594 2229 Aeeedunt
609 2170 772 2234 Suetonieni
788 2167 937 2245 ingeniti)
952 2189 985 2227 ee

85 2251 144 2307 stili
164 2259 219 2309 tam
241 2259 335 2326 aperta
350 2253 487 2325 vestigia,
513 2261 542 2310 ut
562 2250 638 2325 denti
658 2254 786 2311 homines
806 2261 871 2326 post
893 2254 983 2311 Seali·

84 2329 226 2408 gernmn)
243 2335 433 2392 Caseubonum
449 2337 611 2394 salmasium
634 2337 670 2394 ad
688 2353 770 2393 unum
786 2353 881 2393 omnes
896 2339 931 2393 de
947 2338 983 2393 ii·

84 2415 221 2475 lustribns
236 2418 304 2475 viris
327 2428 485 2492 excerptam
500 2437 565 2476 esse
583 2421 785 2477 consenserint.
827 2420 921 2492 Neque
943 2427 984 2478 ta-

59 2537 65 2550 .
83 2516 147 2556 mea
160 2517 213 2574 pro
229 2501 337 2573 integra
355 2503 452 2559 haberi
466 2503 557 2561 dehet.
601 2504 801 2560 Desiderantur
817 2505 889 2558 eninr
905 2503 984 2560 initio

86 2613 288 2628 Μ

154 2677 202 2744 74)
224 2681 383 2731 Recentiores
409 2681 466 2730 libri
490 2687 514 2729 et
536 2682 653 2744 impressi
676 2680 779 2730 Cornuti
800 2692 892 2727 nomen
910 2693 983 2744 pree-

83 2749 209 2814 scriptum
226 2747 324 2799 habent.

154 2815 201 2879 75)
215 2817 279 2866 Nem
289 2817 389 2866 diverse
406 2815 468 2866 satis
487 2831 517 2865 ee
531 2822 589 2865 sunt
606 2829 670 2878 quae
688 2816 714 2863 in
730 2815 809 2864 altera
820 2814 915 2864 Lueeui
931 2816 983 2866 vita

81 2887 219 2954 leguntur:
237 2899 314 2935 aenae
329 2884 378 2934 aiat
391 2885 527 2948 praecidit.

152 2952 199 3016 te)
224 2953 335 3017 iniquior
351 2953 490 3016 'tranquilli
513 2953 540 3002 in
558 2951 686 3000 Lucanum
702 2953 801 3001 enimus
819 2951 983 3016 eiusdemque
1039 2978 1043 2984 =

82 3021 114 3072 de
138 3019 236 3070 Seneca
255 3021 376 3072 iudicium
397 3023 479 3070 aerius
500 3020 591 3084 (supra
613 3035 640 3084 p.
660 3019 725 3082 leo,
754 3019 802 3087 35)
822 3035 837 3069 a
861 3023 982 3086 scriptore

83 3105 135 3140 neu
152 3088 288 3139 abhorrent
304 3091 462 3154 antiquorum
481 3089 666 3140 studiosissimo
684 3095 708 3136 et
727 3087 871 3148 Quintiliani
886 3091 909 3139 si
931 3103 982 3139 non

82 3157 220 3223 discipline
236 3165 261 3208 at
276 3167 342 3208 certe
357 3159 447 3207 iudicio
465 3159 624 3216 admiratore.

151 3225 199 3287 77)
224 3227 253 3274 Iu
280 3226 426 3292 Appendiee
457 3225 599 3290 virgiliana
626 3224 680 3274 eive
708 3223 839 3275 catalectis
862 3223 982 3290 Lugduni

82 3307 105 3343 a.
124 3292 193 3358 1573
214 3293 306 3354 editis,
325 3295 358 3343 ed
373 3291 465 3344 uminis
486 3293 593 3343 initium.
629 3293 733 3342 Iaeobue
749 3307 849 3356 quoque
867 3293 981 3358 Bongar·

81 3363 137 3412 sius
154 3365 182 3412 in
198 3360 285 3412 eodiee
298 3362 419 3412 Beruensi
436 3361 470 3411 45
492 3359 634 3411 adnotavit:
653 3368 715 3422 peso
731 3376 748 3410 a
762 3359 882 3411 Suetonio
899 3359 983 3410 iiua-

81 3433 159 3497 qrnito
173 3429 241 3481 tone
249 3431 322 3481 vitem
333 3446 389 3482 esse
401 3430 555 3494 descriptam.
