2475 3775
421 142 425 152 ’
484 145 588 199 arvus
604 137 787 207 curuoque.
972 167 974 172 ·
1053 113 1137 204 '163

138 292 311 379 quaestoriis
331 299 544 379 praetoriisque
567 302 741 367 ornamentis
756 300 893 370 honorari
912 304 1005 366 libens
1022 325 1135 386 >passus

138 392 197 454 est;
220 391 327 443 tautum
345 391 501 462 praeterea
516 383 671 461 adquirere
694 394 722 449 et
744 404 864 464 rapere,
886 396 918 447 ut
938 399 1076 468 qu'ererrte
1096 407 1134 452 eo

62 510 66 514 -
113 480 117 492 ’
139 466 280 546 quondam
295 467 332 549 de
347 467 411 545 fisci
428 467 586 544 exiguitate
594 485 653 528 non
664 467 793 529 absurde
802 469 906 530 dictum
922 473 975 548 eit,
992 470 1131 544 abonda-

137 549 252 629 tmanr,
269 551 300 612 ai
313 567 335 610 a
349 549 469 611 dectus
479 549 601 616 libertis¹
612 551 647 612 ia
656 553 843 614 consortium
854 553 1053 632 reciperetur.
1071 557 1178 635 Himp

111 645 166 695 sut
183 635 257 714 dixi,
277 634 475 713 uxoribusque
489 635 636 713 addictus,
657 653 714 696 non
731 637 892 717 principem
912 657 961 715 se,
983 638 1037 698 sed
1055 638 1133 700 mini-

135 728 226 778 strum
240 720 319 796 egit,
337 717 508 798 compendio
525 719 664 798 cuiusque
679 719 779 782 horum
796 721 845 782 uel
860 723 948 791 etiam,
970 722 1065 783 studio
1087 732 1135 784 aut

74 858 78 865 .
135 802 254 862 libidine
272 802 400 862 honores
415 804 563 866 exercitus
578 804 763 883 impunitates
779 805 921 885 supplicia
942 806 1064 884 largitus
1080 816 1133 884 oet,

43 930 45 935 .
115 941 119 948 ,
135 895 166 946 et
180 885 293 965 quidem
311 887 439 949 insciens
457 886 626 966 plerumque
641 897 671 947 et
684 889 811 965 ignarus.
854 890 899 952 Ac
915 909 952 950 ne
968 890 1134 968 singillatim

6 981 10 991 '
118 970 246 1030 'minora
267 986 584 1050 quoqueenumerem,
610 981 765 1034 revocatos
784 973 975 1035 liberalitates
994 978 1075 1052 eius,
1092 976 1132 1034 iu·

71 1062 77 1087 ¹
98 1068 125 1109 ro
135 1054 210 1115 dicia
229 1055 374 1131 rescisso,
394 1055 571 1134 suppositos·
585 1063 633 1115 aut
650 1057 734 1116 etiam
755 1057 848 1135 palam
870 1059 1032 1126 immutatos
1054 1053 1132 1119 dat'o·

133 1154 196 1198 rum
208 1137 369 1201 officiorum
378 1137 689 1224 codicillosr‘hppium
701 1139 827 1200 Silanum
839 1158 1030 1202 consocerum
1041 1159 1131 1218 suum,

99 1265 102 1272 .
133 1219 278 1299 luliasque
298 1221 417 1283 alteram
436 1221 541 1299 Drusi,
561 1223 683 1283 alteram
703 1222 863 1285 Germanioi
883 1226 986 1301 iliam,
1012 1227 1132 1302 ¹crimine

133 1307 246 1365 incerto
261 1322 317 1364 uec
333 1304 504 1365 defensione
518 1306 578 1366 ulla
592 1307 656 1368 data
672 1307 877 1384 occidit„item
889 1307 948 1368 GN.
966 1307 1132 1387 Pompeimn

133 1389 251 1449 maioris
263 1388 340 1448 iliae
355 1390 465 1466 rurum,
482 1399 513 1448 et
524 1389 556 1450 h.
573 1390 700 1451 Silanum
711 1391 829 1452 minoris
844 1407 990 1470 sponsum.
1012 1391 1059 1452 Ex
1071 1392 1132 1470 qui-

98 1481 125 1523 15
134 1472 190 1537 hus,
202 1472 357 1550 Pompeius
369 1472 398 1532 in
410 1473 565 1533 concubitu
578 1472 678 1552 dilecti
689 1474 897 1550 adulescentuli
911 1475 1064 1546 confossus
1077 1483 1131 1550 est,

133 1557 250 1616 Silanus·
259 1555 395 1616 abdicare
411 1575 443 1616 se
458 1565 593 1636 praetura
608 1567 674 1618 ante
690 1557 815 1619 1111.1ss.
830 1557 889 1622 lau.
905 1559 1036 1636 morique
1050 1559 1131 1617 initio

132 1643 198 1700 anni
216 1649 351 1717 coactus,
373 1639 420 1700 die
443 1643 509 1719 ipso
527 1640 639 1702 Claudii
656 1651 685 1702 et
699 1642 881 1722 Agrippinae
899 1642 1068 1720 nuptiarum.
1098 1638 1131 1700 lu

133 1725 259 1803 quinquie
283 1732 313 1782 et
335 1725 453 1800 triginta
476 1733 628 1791 senatores
650 1727 857 1804 trecentosque
876 1725 998 1803 amplius
1018 1725 1131 1805 equites

130 1805 167 1868 lt.
183 1815 261 1866 tanta
274 1806 424 1867 ¹facilitate
446 1808 661 1886 animadvertit,
686 1818 732 1886 ut,
753 1808 790 1868 de
804 1824 879 1867 nece
900 1808 1062 1868 consularis
1077 1809 1131 1868 viri

95 1905 123 1947 ao
131 1893 312 1952 renuntiante
328 1893 498 1952 centurione
512 1894 620 1954 iactum
634 1912 701 1953 esse
715 1890 792 1972 quod
807 1894 994 1970 imperasset,
1009 1901 1131 1969 negaret

132 1976 333 2066 quicquamse
350 1977 526 2055 imperasse,
543 1977 634 2037 nihilo
646 1980 738 2055 minus
753 1991 813 2035 rem
825 1974 1039 2055 comprobaret,
1053 1976 1129 2036 aliur·
1199 2036 1201 2044 χ

118 2060 274 2119 mantibus
292 2058 405 2122 libertis
433 2062 532 2132 officio
551 2062 658 2122 milites
679 2062 810 2135 iunctos,
841 2059 917 2137 quod
937 2059 973 2120 ad
992 2060 1130 2120 ultionem

129 2144 315 2221 imperatoris
327 2144 403 2204 ultro
415 2147 682 2224 procucurrissent,
692 2142 764 2203 Nam
776 2141 846 2203 illud
858 2160 971 2203 omnem
983 2143 1068 2204 iidem
1080 2162 1128 2203 ex·

131 2228 256 2287 cesserit
268 2228 346 2306 quod
356 2230 479 2308 nuptiis,
495 2248 566 2308 quas
576 2226 732 2289 Messalina
747 2244 810 2286 cum
822 2225 952 2288 adultero
964 2228 1038 2288 Silio
1049 2228 1128 2287 lece·
1233 2256 1234 2259 ¹

93 2328 120 2369 ιι
130 2320 185 2388 rat,
197 2310 320 2375 tabellas
330 2311 405 2371 dotis
416 2314 516 2392 etipse
525 2310 749 2387 consignaverit,
761 2310 904 2388 inductus,
915 2314 996 2389 quasi
1006 2311 1042 2371 de
1049 2310 1128 2383 iudu-

120 2390 200 2455 ³stria
219 2396 419 2457 simularentur
444 2396 480 2457 ad
501 2393 687 2464 avertendum
709 2396 996 2476 transferendumque
1015 2390 1128 2474 pericu·

128 2479 203 2555 lum,
220 2479 297 2557 quod
313 2482 460 2539 imminere
474 2479 530 2556 ipsi
544 2496 599 2557 per
614 2476 754 2556 quaedam
768 2488 880 2539 ostenta
895 2478 1127 2557 portenderetur.

191 2562 359 2624 Auctoritas
376 2562 558 2638 dignitasque
572 2562 683 2642 formae
705 2580 763 2621 non
785 2562 897 2621 deluit*
913 2561 962 2620 vel
977 2560 1063 2621 stanti
1078 2559 1175 2629 velae-

128 2645 242 2708 sedenti
257 2665 293 2708 ac
306 2646 465 2726 praecipue
486 2644 664 2720 quiescenti;
694 2646 775 2722 (nam
796 2654 827 2705 et
845 2644 961 2725 prolixo
983 2662 1039 2704 nee
1059 2645 1127 2705 exili

92 2749 120 2791 ao
130 2748 259 2810 corpore
274 2738 353 2803 erat,
369 2736 398 2786 et
409 2726 511 2806 specie
522 2727 685 2805 canitieque
698 2726 812 2805 pulcra,
830 2728 931 2805 opimis
947 2728 1133 2810 cervicibus)⁴

130 2823 260 2875 ceterum
282 2821 311 2872 et
330 2810 543 2887 ingredientem
564 2808 758 2869 destituebant
777 2810 906 2890 poplites
930 2814 1022 2874 miuus
1043 2814 1125 2892 firmi,

128 2895 295 2958 et'remisse
310 2894 378 2972 quid
390 2894 438 2954 vel
453 2895 531 2956 serio
543 2902 679 2971 agentem
690 2894 776 2955 multa
791 2894 1035 2958 dehonestabant:
1050 2900 1126 2959 risus
1192 2918 1195 2925 ’

126 2981 282 3056 indecens,
307 2980 351 3038 ira
376 2980 489 3058 turpior
516 2986 667 3057 spumante
695 2978 784 3057 ricto,
811 2980 971 3041 umentibus
996 2982 1123 3058 naribus,
1225 2979 1228 2984 ’

127 3053 283 3145 praeterea
297 3063 415 3139 liuguae
431 3062 595 3140 titubantia,
619 3072 763 3142 caputque
786 3080 849 3123 cum
867 3083 996 3144 semper,
1018 3075 1082 3127 'tum
1096 3066 1125 3125 in

91 3163 119 3211 at
128 3147 390 3228 quantulocumque
406 3156 472 3207 actu
486 3148 534 3207 vel
548 3148 672 3208 maxime
686 3146 856 3208 tremulum:
871 3149 1036 3211 valitudine
1051 3152 1165 3216 sicut31
1179 3160 1182 3169 ’

126 3235 195 3295 olirn
209 3235 303 3309 graui,
319 3230 359 3291 ita
376 3233 515 3311 princeps
530 3250 674 3311 prospera
688 3250 756 3299 usus
772 3241 827 3309 est,
843 3244 969 3315 excepto
984 3233 1124 3293 stomachi

126 3316 247 3392 dolore,
264 3334 322 3396 quo
337 3334 371 3376 se
387 3325 553 3398 correptum
569 3318 654 3388 etiam
669 3317 705 3378 de
716 3318 925 3392 consciscenda
939 3326 1031 3378 morte
1044 3318 1123 3393 cogi·

125 3409 206 3462 tasse
215 3400 301 3462 dixit.

891 3486 924 3543 11
937 3482 954 3518 *

1159 3630 1234 3727 Α
