2475 3775
444 181 550 230 mvus
567 180 751 230 canonius.
1006 179 1009 195 ·
1034 172 1095 232 157
1151 169 1152 176 ’
1182 167 1185 172 ’

97 347 322 416 repraesentans
337 354 392 418 pro
409 355 500 416 opera
510 335 626 414 dignam
639 338 742 416 coique
756 337 930 398 mercedem.
948 385 950 390 ι
975 337 1110 399 Artiore-

98 432 205 482 antem.
218 439 330 483 annona
356 422 394 483 ob
419 421 550 483 assiduas
575 420 761 499 sterilitates,
794 421 925 481 detentus
952 421 1095 500 quondam

96 505 194 566 medio
216 506 284 567 foro
304 525 322 567 a
345 505 429 567 turba
450 505 650 583 conviciisque
665 515 695 566 et
709 505 794 566 simul
810 504 998 583 fragminibus
1013 509 1095 586 panis

98 592 137 650 ita
151 589 320 666 iniestatns,
345 599 377 649 ut
391 608 481 668 aegre
495 607 552 650 nec
568 591 624 649 nisi
639 591 756 669 postico
772 589 898 650 evadere
914 591 943 648 in
957 589 1097 651 Palatium

71 673 238 752 araluerit,
253 674 331 753 nihil·
341 691 399 734 non
419 675 600 751 excogitavit
613 673 651 734 ad
666 673 847 734 invehendus
864 675 949 734 etiam
964 683 1096 754 tempore

96 757 223 818 hiberno
240 747 425 818 commeatus.
458 756 530 831 Nam
544 766 575 817 et
587 757 818 858 negotiatoribus
834 767 914 818 certa
931 757 1013 819 lucra
1028 775 1095 838 pro-

3 865 6 872 ’
96 843 212 922 posuit,
237 843 375 921 suscepto
397 844 426 900 in
447 861 480 902 se
502 842 620 920 damno,
647 843 671 902 ιι
693 861 738 902 cur
731 842 822 922 qnid
837 861 902 922 per.
906 851 1112 940 tempestates·

97 925 271 1004 accidisset,
293 936 323 986 et
341 944 432 986 noves
451 935 632 987 mercaturae
654 944 740 1014 cansa
760 924 967 988 fabricantibus
992 944 1096 1003 magna

98 1010 254 1071 commoda
262 973 410 1071 ’constituit
423 1028 479 1090 pro
492 1011 659 1072 conditione
672 1006 825 1094 cniusqne;
843 1013 909 1072 civi
914 1014 1095 1073 vacationem
1105 1026 1138 1081 19

60 1113 88 1154 ro
98 1095 176 1171 legis
188 1093 295 1173 Papiae
308 1094 481 1194 Poppaeae,
501 1094 628 1156 latino
618 1111 663 1154 ιιι
675 1096 840 1174 Quiritium,
855 1097 992 1157 feminis
984 1115 1027 1156 ιιι
1039 1095 1096 1156 llll

96 1178 270 1247 liberorum:
286 1197 362 1258 qnae
381 1180 534 1240 constituta
548 1178 696 1258 hodieque
712 1189 872 1241 servantur

160 1262 256 1342 Opera
272 1281 376 1341 magna
393 1265 548 1343 potiusque
563 1266 732 1324 necessaria
754 1282 838 1342 quarn
857 1264 945 1324 multa
960 1264 1139 1343 perfecit,20

97 1345 151 1406 sed
170 1347 217 1406 vel
239 1349 415 1428 praecipua:
434 1347 549 1409 ductum
562 1365 732 1427 aquarnm'a
743 1348 821 1408 *Ouio
835 1347 1012 1424 inchoatum,
1028 1350 1096 1407 item

97 1433 276 1491 emissarium
296 1431 397 1492 Fucini
421 1431 502 1492 lacus
523 1437 697 1510 portumque
720 1429 900 1509 Ostiensem,
928 1449 1097 1510 quamquam

60 1531 88 1573 os
97 1517 188 1575 sciret
202 1534 240 1574 ex
255 1517 290 1575 iis
305 1515 436 1584 alterum¹
447 1516 485 1576 ab
502 1515 636 1592 Augusto
659 1515 845 1596 precantibus
861 1515 977 1576 assidue
992 1515 1097 1576 blarsis

96 1607 247 1677 negatum,
266 1600 388 1661 alterum
401 1619 418 1660 a
431 1599 509 1660 Dino
522 1599 597 1660 Iulio
612 1601 730 1679 saepius
745 1600 916 1660 destinatum
930 1617 964 1660 ac
976 1609 1097 1680 propter
1128 1655 1130 1658 .

93 1683 449 1744 diiiicnltatemomissum.
463 1683 601 1745 claudias
611 1701 705 1764 aquae
713 1683 828 1761 gelidos
838 1693 868 1744 et
876 1683 982 1744 uberes
989 1684 1096 1761 fontes,

96 1784 218 1847 quornm
237 1768 322 1828 alteri
346 1766 510 1844 Caeruleo,
531 1767 615 1828 alteri
637 1767 738 1846 Curtio
759 1777 787 1828 et
804 1767 972 1845 Albudigno
992 1785 1098 1828 nomen

97 1859 159 1928 est,
188 1851 330 1931 simulque
352 1853 444 1911 rivom
457 1852 579 1913 Anienis
600 1854 671 1913 novi
690 1851 808 1932 lapideo
829 1869 922 1933 opere
947 1853 976 1911 in
997 1850 1099 1912 urbem

60 1898 250 2016 roperlloxit,
268 1936 448 2014 divisitque
439 1955 468 1996 ιιι
485 1936 625 2015 plurimos
642 1945 671 1997 ct
687 1939 885 1997 ornatissimos
901 1936 991 1996 lacus
1012 1935 1097 1996 Fuci·

96 2037 163 2080 num
183 2021 341 2098 adgressus
355 2029 418 2098 est,
438 2037 497 2080 non
513 2022 606 2110 minus
621 2021 784 2101 compendii
801 2039 855 2100 spe
873 2037 956 2099 quam
970 2019 1109 2097 gloriae,

97 2124 163 2165 cum
184 2105 297 2184 quidam
312 2106 426 2185 privato
441 2114 555 2186 sumptu
572 2107 730 2165 emissuros
745 2124 779 2165 se
794 2106 1042 2184 repromitterent,
1072 2106 1098 2163 ιι

97 2188 154 2249 sibi
169 2192 270 2250 siccati
284 2191 359 2266 agri
364 2190 604 2253 concederentur.
627 2190 684 2250 Per
697 2191 752 2250 tria
766 2199 861 2249 autem
872 2206 1007 2269 passuum
1020 2188 1097 2249 milia

97 2275 201 2352 partim
216 2274 336 2333 eciosso
351 2284 450 2335 monte
464 2276 568 2356 partim
585 2277 705 2352 exciso,
722 2274 851 2335 canalem
865 2274 992 2334 absolvit
1006 2276 1096 2351 aegre

60 2364 129 2417 sset
149 2366 217 2435 post
235 2358 368 2418 undecim
394 2376 500 2435 annos,
530 2360 661 2437 quamvis
687 2360 828 2420 conducis
849 2356 934 2419 XXX
952 2358 1098 2418 hominnm

95 2440 212 2501 milibus
233 2443 296 2501 sine
317 2443 532 2503 intermissione
558 2443 756 2522 operantibus.
786 2444 904 2504 Portum
927 2441 1025 2501 Ostiae
1047 2460 1096 2499 ex-

96 2526 201 2600 truxit,
219 2526 415 2586 circumducto
427 2527 530 2588 dextra
545 2529 720 2606 sinistraque
731 2527 851 2588 brachio
863 2535 892 2587 et
904 2525 940 2585 ad
952 2525 1098 2584 introitum

96 2607 244 2688 profundo
256 2612 312 2671 iam
325 2610 389 2669 salo
403 2611 481 2670 mole
494 2610 625 2679 obiecta;
642 2629 726 2688 quam
740 2630 798 2690 quo
811 2609 942 2669 stabilius
952 2607 1097 2684 fundaret,

98 2710 203 2766 navem
230 2702 297 2754 ante
323 2693 476 2769 demersit,
504 2711 560 2771 qua
585 2710 706 2771 magnus
731 2692 880 2753 obeliscus
900 2710 938 2751 ex
952 2691 1097 2771 Aegypto
1130 2742 1137 2748 .

5 2829 6 2834 ,
61 2777 194 2837 uicerat
212 2776 369 2853 advectus,
398 2777 606 2854 congestisque
631 2777 698 2858 pilis
722 2776 910 2855 superposuit
931 2773 1098 2838 altissimam

96 2871 205 2932 turrem
216 2863 245 2920 in
257 2860 422 2938 exemplum
432 2858 621 2920 Alexandrini
634 2861 737 2939 Phari,
753 2870 783 2920 ut
793 2860 829 2921 ad
840 2868 999 2922 nocturnos
1012 2863 1096 2939 ignes

98 2964 213 3005 cursum
230 2945 347 3021 navigia
361 2943 530 3021 dirigerent.

157 3024 316 3107 Congiaria
333 3028 444 3107 populo
467 3029 584 3107 saepius
603 3029 754 3088 distribuit.
788 3028 962 3108 Spectacula
981 3044 1137 3111 qnoque21

6 3177 7 3190 ,
97 3114 250 3193 complura
271 3121 301 3173 et
323 3114 478 3189 magnilica
500 3113 604 3191 edidit,
629 3096 687 3173 noh
713 3114 816 3174 usitata
838 3114 925 3174 modo
943 3134 979 3176 ac
1002 3116 1097 3175 solitis

5 3250 9 3277 ,
60 3199 190 3274 alneis,
215 3196 268 3257 sed
283 3205 313 3257 et
328 3200 520 3259 commentitia
542 3207 625 3259 etex
647 3199 823 3277 antiquitate
834 3202 972 3278 repetita,
996 3209 1024 3259 et
1048 3199 1098 3258 ubi

6 3325 9 3350 ‚-
96 3292 253 3366 praeterea
278 3300 364 3342 nemo
390 3291 457 3343 ante
472 3302 546 3344 enm.
586 3283 683 3344 Ludos
710 3283 899 3344 dedicationis
928 3282 1097 3361 Pompeiani

96 3367 211 3444 theatri,
224 3367 301 3445 qnod
313 3366 471 3427 ambustam
482 3369 659 3444 restituerat,
672 3367 832 3427 etribonali
844 3369 960 3445 posito
952 3384 980 3424 ιιι
992 3364 1095 3424 orche-

6 3491 10 3534 t
96 3460 157 3511 stra
171 3452 329 3529 commisit,
349 3470 412 3511 cum
422 3456 502 3533 prius
513 3450 589 3531 apud
600 3455 770 3533 superiores
785 3450 875 3512 aedes
888 3449 1093 3528 supplicasset,

1163 3629 1211 3663 ‘¹'
