2475 3775
104 203 117 225 .
151 168 216 244 262
404 181 435 230 c.
448 181 638 238 amnonius
653 177 896 263 unauouaunus

147 337 203 414 qui
216 336 323 415 primus
336 336 395 398 hoc
408 305 572 415 cognomen
582 337 639 398 sihi
649 337 817 425 vindicavit
841 335 993 416 multiplici
1009 337 1160 415 variaque

148 420 284 481 ,doctrina
294 421 475 481 censebatur
497 421 581 497 Quod
592 439 664 482 sane
672 439 710 482 ex
722 421 931 484 commentarus
942 437 1006 483 eius
1015 430 1159 498 apparet,

153 521 326 582 quanquam
342 505 505 585 paucissimi
527 514 639 574 extent;
671 505 707 566 de
729 523 850 584 quorum
876 514 970 575 tamon
991 505 1088 582 copia
1116 505 1159 563 sic

150 587 245 648 altera
256 587 292 649 ad
303 589 425 651 eundem
434 588 570 650 Hermam
581 589 706 667 epistola
719 591 878 686 signifieat:
896 585 995 685 Hylen
1008 594 1158 648 noctram

151 672 227 732 ullis
237 680 382 733 marceto
397 673 624 769 commodare,
641 688 733 752 quam
743 673 841 733 omnia
848 672 971 751 paterio
981 671 1173 750 cocciacum

152 756 198 816 ati
211 757 274 816 scie
282 756 521 835 ,octinpeutoa
509 774 541 818 m
556 755 663 817 libros
698 754 794 820 estut
808 764 911 835 postea
924 753 1154 816 familiarissime
1214 753 1215 756 ’

154 838 188 900 G.
205 840 369 900 Sallustium
389 849 418 899 et
433 857 469 899 eo
482 838 617 901 defuncto
633 841 763 902 Asinium
779 837 954 915 Pollionem,
972 853 1047 916 quos
1062 839 1153 898 histo·

152 925 223 984 riam
239 940 413 1003 componere
430 941 604 1000 aggressos,
621 924 740 986 alterum
759 923 902 984 breviario
914 940 1009 984 rerum
1025 925 1153 985 omnium
1215 977 1216 1002 ,

152 1009 353 1080 Romanarum,
367 1025 406 1066 ex
419 1005 521 1084 quibus
533 1025 604 1085 quas
615 1007 707 1068 uellet
721 1007 856 1084 eligeret,
870 1007 1013 1082 instruxit,
1027 1006 1152 1066 alterum

155 1092 319 1170 praeceptis
337 1089 373 1148 de
393 1091 506 1149 ratione
524 1090 679 1154 scribendi.
717 1091 782 1166 Quo
803 1093 895 1168 magis
915 1094 1002 1150 miror
1017 1089 1152 1150 Asinium
1161 1104 1181 1146 ue

155 1172 324 1249 credidisse,
336 1174 453 1251 antiqua
464 1191 529 1234 eum
539 1174 630 1236 verba
639 1184 669 1234 et
680 1176 787 1251 ligures
799 1174 913 1236 solitum
925 1193 992 1234 esse
1005 1172 1151 1250 colligere

151 1257 305 1327 Sallustio,
298 1276 383 1317 ·cum
393 1255 450 1318 sibi
462 1259 535 1318 sciat
547 1256 618 1320 nihil
630 1256 706 1319 aliud
718 1258 840 1320 suadere
856 1277 939 1357 quam
951 1267 979 1322 ιιι
991 1267 1062 1317 uoto
1082 1260 1152 1317 ciui·

152 1341 232 1420 lique
250 1351 279 1400 et
297 1343 417 1420 proprio
432 1358 565 1402 sermone
580 1352 689 1418 utatur,
710 1343 841 1426 vitatque
853 1344 974 1403 maxime
986 1340 1151 1402 obscurita-

74 1453 77 1460 ·
153 1434 211 1486 tem
227 1424 354 1486 Sallustii
369 1435 398 1485 et
412 1424 583 1486 audaciam
574 1444 603 1486 m
619 1419 862 1487 translationibus

112 1529 145 1581 11
215 1510 246 1568 P.
263 1509 396 1570 Valerius
413 1507 502 1584 Cato,
521 1519 552 1568 ιιι
567 1509 695 1569 nonnulli
712 1508 900 1586 tradiderunt,
915 1505 1037 1570 Burseni
1052 1511 1183 1568 cuius-¹¹

154 1593 218 1653 dam
238 1591 359 1651 libertus
378 1609 416 1651 ex
439 1553 584 1660 Galiia;
576 1603 640 1670 ups'e
661 1592 777 1669 libello,
800 1597 845 1652 cui
869 1603 913 1652 est
935 1592 1031 1655 titulus
1049 1591 1153 1652 ludi·

154 1677 298 1753 gnatia,
314 1678 467 1752 ingenuum
482 1694 515 1735 se
531 1685 626 1736 uatum
641 1678 681 1736 ait
694 1685 724 1736 et
740 1677 878 1755 pupillum
893 1677 1038 1753 relictum,
1053 1693 1153 1755 eoque

111 1768 115 1778 ’
153 1760 267 1820 facilius
282 1759 397 1819 licentia
413 1758 523 1834 Syllani
538 1761 678 1838 temporis
685 1767 808 1822 'exutum
824 1761 1005 1839 patrimonio
1042 1759 1154 1820 [tacuit

153 1844 258 1906 multos
273 1853 303 1905 et
318 1843 445 1921 nobiles,
467 1846 604 1923 visusque
623 1852 668 1905 est
683 1843 859 1924 peridoneus
874 1853 1069 1925 praeceptor,
1093 1863 1152 1904 ma·

153 1932 230 1990 xime
251 1929 287 1989 ad
310 1930 453 2014 poeticam
471 1927 668 2005 tendentibus,
689 1938 719 1988 ut
738 1928 852 2022 quidem
867 1948 1010 2009 apparere
1035 1929 1085 1988 vel
1108 1929 1185 1993 nisa

154 2014 307 2073 versiculis
323 2022 434 2090 potest:

359 2100 424 2157 Calo
437 2102 647 2171 prammatieuo,
664 2101 764 2159 Latina
781 2100 872 2171 Siren,

361 2181 415 2248 Qut
424 2184 498 2237 solus
512 2184 573 2254 lepit
587 2198 622 2237 cc
635 2183 707 2254 facit
729 2191 836 2257 poetae.

154 2258 183 2320 Is
206 2261 323 2337 scripsit
342 2268 468 2336 praeter
476 2263 679 2337 grammaticos
699 2263 828 2324 libellos
839 2266 923 2327 etiam
942 2272 1094 2343 poemata,
1117 2283 1154 2323 ex

156 2342 258 2421 quibus
278 2344 434 2422 praecipue
446 2342 603 2421 probantur
619 2344 729 2419 Lydia
747 2346 910 2409 etuiana.
932 2348 1038 2423 Lydiae
1052 2348 1186 2410 Ticidam

155 2427 296 2488 meminit.

370 2516 458 2589 Lydio
471 2517 612 2573 doctorum
628 2520 751 2575 masmae
763 2535 833 2576 eura
847 2520 929 2581 libem·

156 2595 265 2656 Dianae
281 2593 384 2657 Cinna

329 2684 430 2741 Secula
440 2692 607 2758 permaneat
617 2689 707 2745 nocui
720 2683 859 2758 Dicpnnc
874 2686 991 2743 caenas

157 2764 237 2821 Vixit
251 2764 286 2825 ad
297 2774 454 2825 extremam
469 2770 632 2844 senectam,
648 2766 724 2827 sed
715 2784 744 2828 un
757 2784 864 2825 summa
877 2765 1018 2845 pauperie
1034 2774 1062 2825 et
1077 2782 1155 2845 pene
1167 2784 1189 2825 ιι

156 2846 270 2922 iuopia,
286 2846 399 2909 abditus
414 2850 528 2911 modico
542 2852 712 2926 gurgustio,
732 2857 884 2933 postquam
900 2850 1071 2915 Tusculana
1084 2849 1155 2908 villa

155 2925 348 3036 creditoribus
361 2943 507 3009 cesserat,
520 2942 553 2992 ut
568 2942 670 2999 auctor
685 2941 730 2992 est
745 2929 915 2993 Bibaculus:

139 3029 143 3033 ’
359 3019 393 3074 Si
406 3024 467 3095 wis
478 3020 553 3092 forte
569 3036 622 3077 mcc
617 3022 742 3077 Mutum
757 3020 877 3086 daune,

359 3102 489 3173 Depietas
502 3107 584 3162 cadem
598 3106 834 3173 maciomanum

358 3184 479 3241 Custodia
495 3189 568 3244 cedet
579 3188 702 3245 hortulos
715 3187 829 3259 Priapi:
894 3222 899 3245 ι

289 3323 293 3330 .
361 3264 662 3341 Miratur,putdusilte
675 3272 823 3342 disciplinis

361 3347 477 3404 Ταιιιιιηι
489 3354 524 3407 sit
539 3358 700 3425 rapientium
717 3362 868 3425 assecutus,

363 3432 448 3502 Quem
462 3439 518 3490 tres
531 3438 672 3508 medaii,
687 3438 788 3495 settim
800 3438 903 3525 furam,
