2475 3775
456 170 564 236 nrvus'
577 185 768 244 soccatus.
929 213 932 219 ·
982 209 986 217 ‚
1047 177 1088 239 tt

90 349 120 402 ut
140 337 321 402 ln‘ertremis
336 343 436 422 'spatiis
452 331 602 405 subsultim
613 325 966 418 'decurreret,'segestrla
980 343 1087 414 vello·

89 422 183 486 dicola
198 424 352 486 involutus.
371 425 466 488 Animi
481 424 595 488 laxandi
607 443 702 487 ,causa
714 425 801 507 mpdo
817 424 981 505 piscabatur
992 422 1088 503 hamo,
1108 475 1115 494 x

72 506 175 568 -m'odo
198 507 264 568 talis
284 519 333 604 apt
355 510 489 572 ocellatis
509 507 689 587 nucibusque
710 508 827 571 ludebat
844 527 908 570 curn
925 511 1024 587 pneris
1038 512 1088 571 nti·

88 591 179 668 natis,
195 603 269 670 quos
283 593 360 654 facie
376 599 406 654 et
419 593 588 672 garrulitate
599 591 735 654 amabilis
750 593 876 672 undique
888 591 1088 671 conquirebat,

66 676 249 755 spraecipue
263 675 380 742 blauros
401 687 430 738 et
445 679 545 753 Syros.
574 675 649 750 Nam
663 677 788 756 pumilos
805 685 893 756 atque
909 674 1049 739 distortos
1060 684 1091 736 et

89 761 181 904 opqnls
203 761 322 836 generis
343 761 486 840 eiusdem,
507 770 540 821 ut
558 761 683 822 ludibria
704 770 826 822 natmao
846 756 972 840 malique
987 761 1090 844 ominis
1157 761 1161 773 “

89 847 105 905 a
147 843 278 904 orrebat..
375 855 377 858 ·

100 931 106 940 ’
148 919 351 1006 Eloquentiam
367 928 668 1009 studiaque'liberalia
679 928 716 988 ab
729 936 825 989 aetate
839 929 929 1006 prima
940 936 972 1000 et
985 927 1133 1006 capitem
1231 1010 1232 1013 Ἴ

89 1014 118 1070 e't
144 1009 374 1074 laboriosissime
396 1014 537 1076 exercuit.
579 1012 735 1080 Mutinensi
757 1011 839 1074 bello
861 1013 891 1073 in
911 1020 990 1074 tanta
1011 1011 1090 1072 mole

53 1105 185 1154 tororum
207 1105 237 1155 et
251 1097 362 1174 legisse
377 1107 407 1158 ct
423 1099 625 1177 scripsissent
640 1096 823 1157 declamasse
838 1095 945 1157 cotidie
959 1095 1090 1156 traditm.

86 1177 170 1239 Nam
183 1179 323 1259 deinceps
344 1195 439 1262 neque
460 1183 489 1242 in
514 1189 615 1241 senatu
636 1198 733 1258 neque
747 1179 827 1260 apud
840 1180 980 1260 populum
994 1197 1091 1259 neque

86 1261 165 1344 apud
186 1263 292 1324 milites
313 1261 426 1326 locutus
448 1271 494 1326 e'st
513 1280 648 1343 umquam
666 1266 722 1324 nisi
735 1263 870 1324 meditata
886 1273 916 1327 et
927 1264 1092 1342 composita
1198 1309 1202 1317 ,

88 1346 239 1425 oratioue,
261 1350 390 1427 quamuis
410 1367 469 1410 non
490 1349 667 1416 deficeretur
681 1347 719 1408 ad
733 1347 833 1408 subita
842 1343 1038 1426 extemporali
1048 1347 1090 1406 ia·

87 1431 205 1492 cature.
236 1431 282 1492 Ac
302 1451 338 1492 ne
360 1432 519 1512 periculum
540 1433 698 1495 memoriae
718 1431 812 1493 adiret
825 1440 872 1492 aut
886 1433 915 1491 in
932 1428 1091 1491 ediscendo

53 1521 203 1594 tttempus
222 1514 401 1595 absumeret,
421 1518 540 1578 instituit
562 1516 688 1578 recitare
710 1517 815 1579 omnia.
845 1517 1004 1585 Sermones
1020 1527 1091 1592 quo·

86 1617 145 1680 que
168 1616 231 1659 cum
253 1599 375 1678 singolis
396 1610 483 1680 atque
509 1602 592 1661 etiam
608 1619 672 1660 cum
687 1600 767 1661 Liria
781 1613 837 1661 sua
850 1600 1006 1678 maiores
1019 1613 1090 1658 non·

86 1683 143 1742 nisi
165 1685 292 1762 scriptos
313 1693 343 1743 et
358 1702 375 1744 e
392 1683 495 1746 libello
512 1683 653 1761 habebat,
676 1702 713 1744 ne
729 1683 795 1763 plus
810 1685 941 1745 minasve
954 1682 1090 1762 loquere-

85 1775 133 1828 tur
153 1770 197 1826 'ex
218 1776 363 1846 tempore.
395 1767 601 1848 Pronuntirbat
615 1767 693 1828 dulci
707 1776 738 1831 et
752 1769 873 1847 proprie
890 1765 1014 1846 quodam
1031 1764 1091 1823 oris

64 1905 66 1913 s
85 1849 334 1931 solemniusque
350 1851 465 1914 assidue
482 1851 638 1934 phonasco·
650 1862 786 1930 operam
802 1851 856 1913 'sed
869 1852 1091 1926 nonnumquaun,

49 1937 235 1997 ”infirmatis
255 1935 403 2015 faucibus,
424 1936 583 2016 praeconis
597 1953 676 1995 voce
691 1935 728 1996 ad
748 1936 887 2014 populum
902 1934 1095 1995 concionatus

84 2028 141 2081 esi.
518 2042 520 2045 ·
1090 2032 1095 2051 ¹

105 2108 109 2117 '
149 2101 239 2164 llulta
255 2104 326 2163 varii
341 2105 460 2181 generis
476 2120 565 2181 prosa
583 2104 716 2165 oratione
731 2101 914 2180 composuit,
935 2097 1133 2179 exquireres
1164 2110 1169 2125 “

83 2185 224 2261 nonnulla
239 2187 268 2247 in
286 2195 371 2249 coetu
386 2186 566 2247 familiarium
581 2186 662 2247 velut
676 2187 708 2252 in¹
719 2185 863 2256 auditorio
879 2184 1031 2260 recitauit,
1040 2204 1043 2210 ·
1053 2182 1091 2242 si·

84 2279 135 2331 cot
159 2268 448 2351 temptatione
472 2270 510 2331 de
530 2268 664 2346 careae,
687 2288 762 2348 qnae
782 2269 928 2329 solumina
951 2267 1093 2341 onmium

46 2361 74 2403 ²⁵
84 2354 188 2414 senior
205 2372 243 2413 ex
258 2371 363 2432 magna
377 2363 460 2433 parte
475 2354 608 2432 legisset,
617 2353 755 2431 fatigatus
764 2353 882 2415 Tiberio
895 2351 1011 2413 tradidit
1025 2368 1092 2429 per·

83 2437 227 2516 legenda
250 2440 318 2498 item
333 2436 535 2500 llortotioner
555 2437 599 2499 ad
613 2437 863 2517 pbilosoplts‘om‚
885 2446 916 2497 et
936 2434 1032 2513 aliqua
1045 2432 1094 2492 De

82 2521 155 2583 vito
172 2537 249 2597 roc,
273 2539 356 2601 mam
373 2521 513 2583 tredecim
528 2522 627 2599 libris,
647 2520 822 2583 Cantabrico
838 2530 923 2581 tenus
939 2518 1021 2576 bello
1037 2532 1093 2579 occ

83 2605 178 2682 ultra,
195 2606 342 2687 exposuit.
375 2604 494 2669 Poetica
508 2606 667 2665 summatim
682 2606 786 2681 attigit.
815 2604 898 2665 Unus
912 2600 989 2661 liber
1004 2606 1092 2674 extat,

84 2690 215 2768 scriptus
236 2689 273 2750 ab
288 2707 325 2751 eo
340 2688 516 2751 hexametris
530 2684 680 2765 versibus,
704 2689 785 2749 cuins
803 2695 834 2745 et
851 2689 1049 2763 argumentum
1064 2690 1096 2741 et

45 2772 187 2835 ³⁰titulus
208 2782 254 2835 est
268 2772 401 2845 Sicilio,·
424 2780 503 2833 extat
524 2770 599 2831 alter
618 2788 715 2850 aeque
730 2768 862 2830 modicus
875 2766 1091 2847 operamne

83 2863 167 2932 tum,
188 2862 263 2937 qnae
283 2858 348 2918 fere
366 2867 500 2936 tempore
519 2855 628 2917 balinei
647 2852 846 2915 meditabatur.
878 2850 955 2913 llam
975 2860 1091 2929 tragoe-

83 2938 163 3001 diam
179 2945 284 3019 mag'no
301 2942 409 3022 impetu
425 2958 563 3017 exorsus,
586 2956 646 2999 uon
667 2936 839 3002 succedenti
859 2936 942 3015 stilo,
963 2934 1093 2997 abolevit

84 3024 354 3105 quaerentibusque
383 3026 499 3101 amicis,
526 3022 661 3104 quidnam
681 3023 760 3083 Aiax
784 3020 903 3099 ageret,
930 3018 1091 3099 respondit,

84 3108 210 3170 Aiacem
226 3110 351 3171 suumin
367 3126 529 3190 spongeam
542 3107 719 3169 incubuisse.

46 3206 74 3249 as
152 3192 251 3257 Genus
264 3192 427 3276 eloquendi
449 3201 566 3254 secutus
581 3200 628 3257 est
641 3190 763 3269 elegans
778 3199 809 3250 et
822 3196 1029 3269 temperatum,
1050 3188 1134 3250 ri·'86

82 3279 154 3339 tatis
169 3280 374 3354 sententiarum
390 3278 507 3356 ineptiis
520 3284 605 3355 atque
621 3276 813 3337 concinnitate
823 3282 853 3333 et
862 3271 1093 3335 reconditorum
1168 3314 1170 3325 .

80 3360 270 3439 verborum,
290 3371 320 3425 ut
335 3363 399 3443 ipse
415 3361 500 3437 dicit,
515 3358 689 3438 foetoribus
694 3382 710 3429 ,·
736 3360 980 3438 praecipuamque
996 3368 1092 3413 curam

81 3446 183 3525 duxit,
199 3461 316 3506 sensum
329 3448 415 3507 animi
429 3462 512 3525 qnam
527 3445 710 3524 apertissime
725 3443 913 3523 exprimere:
932 3434 1018 3513 Quod
1033 3450 1091 3512 quo
