2475 3775
138 151 200 212 230
219 159 614 219 spumosumque
626 159 710 208 vrrs
723 155 909 207 censensu
929 159 999 206 urs.
1012 159 1086 206 vm.

138 317 249 378 tuosius
267 315 343 373 inter
363 331 396 373 se
417 313 552 391 agebant.
590 312 688 387 Quare
711 311 932 373 Vitellianorum
959 311 1073 390 quidem
1100 323 1131 374 et

139 385 338 460 exauctoravit
350 396 489 478 plurimos
504 406 534 457 et
551 396 698 473 coercuit,
714 395 904 475 participibus
923 404 1017 456 autem
1036 398 1128 457 victo·

137 487 198 546 riae
213 483 288 543 adeo
303 481 372 542 nihil
388 490 470 541 extra
482 479 612 541 ordinem
626 479 752 557 indulsit,
768 489 799 539 ut
808 482 893 540 etiam
904 480 1032 558 legitima
1046 497 1127 558 prae·

112 569 192 627 ‘mia
207 583 276 626 sero
300 565 485 645 persolverit.
526 564 572 624 Aa
591 582 630 624 ue
650 581 735 642 quarn
755 566 942 624 occasionem
963 565 1129 641 corrigendi

138 645 324 729 disciplinam·
334 649 594 729 praetermitteret,
619 646 866 718 adulescentulum
881 649 1058 725 fragrantem
1079 668 1148 712 uma

137 744 264 813 guento,
281 753 344 793 oum
359 732 414 792 sibi
428 751 484 814 pro
504 735 657 812 impetrata
680 732 866 810 praefectura
886 733 995 810 gratim
1016 741 1127 809 ageret,

136 828 206 879 nuto
220 826 408 897 aspernatus,
429 835 504 876 voce
519 817 604 876 etiam
626 816 797 892 gravissima
819 817 976 895 increpuit:
998 813 1126 878 Muluia-

68 905 73 912 '
137 921 201 963 earn
226 902 322 962 dium
346 900 538 962 obclusisses!
573 899 743 978 litterasque
767 903 933 969 revocavit;
964 899 1127 961 classiarios

137 1003 223 1061 vero,
239 986 287 1066 qui
301 985 338 1046 ab
351 984 433 1044 Ostia
448 993 477 1046 et
487 983 616 1046 Puteolis
629 984 751 1044 Romam
760 983 883 1064 pedibus
893 1002 948 1064 per
958 984 1040 1044 uices
1052 1002 1126 1044 coru·
1216 1047 1220 1056 ,

137 1078 248 1144 meant,
267 1077 402 1151 petentes
418 1068 553 1127 constitui
568 1067 677 1146 aliquid
693 1067 748 1127 sibi
764 1067 891 1129 calciarii
906 1069 1030 1147 nomine,
1047 1069 1176 1148 quasise,

138 1169 237 1231 parum
252 1161 331 1211 esset
346 1153 408 1211 siue
424 1169 570 1231 responso
585 1150 742 1230 abegisse,
757 1153 840 1212 iussit
855 1161 922 1232 post
937 1152 1011 1212 baec
1029 1153 1126 1222 excole

38 1261 44 1276 x
138 1239 231 1295 ciatos
246 1237 403 1304 cursitare;
421 1245 451 1295 et
466 1253 505 1296 ex
517 1254 556 1296 eo
572 1236 612 1296 ita
628 1238 776 1296 cursitant.

196 1318 352 1396 Achaiam,
372 1319 504 1395 Lyciam,
519 1319 669 1398 Rhodum,
689 1320 871 1397 Byzantium,
898 1319 1012 1380 Samum
1041 1320 1126 1382 liber·

136 1411 196 1463 tate
226 1402 375 1483 adempta,
397 1405 467 1464 itern
492 1403 661 1481 l'hraeiam,
690 1403 821 1464 Ciliciam
849 1413 879 1464 et
913 1399 1129 1483 Commagenen

136 1487 252 1548 ditionis
275 1489 378 1565 regiae
404 1505 496 1566 usque
518 1487 555 1547 ad
579 1486 609 1547 id
635 1497 765 1568 tempus,
786 1490 816 1548 in
836 1488 1048 1568 prouinciarum
1066 1491 1161 1550 lor-rc

135 1589 209 1631 mam
234 1571 357 1648 redegit.
403 1570 609 1649 Cappadociae
633 1581 756 1651 propter
775 1569 912 1634 adsiduos
938 1571 1129 1634 barbarorum

135 1655 267 1714 incursus
279 1654 413 1732 legiones
427 1654 550 1733 addidit,
576 1655 817 1735 consularemque
832 1664 977 1717 rectorem
990 1656 1130 1736 imposuit

156 1754 222 1798 roe
245 1737 304 1798 .1t.

77 1756 166 1984 sp
196 1755 344 1881 Dltermts
359 1822 428 1882 urbs
442 1822 591 1883 veteribus
604 1823 745 1884 incendiis
760 1841 795 1883 ac
808 1824 899 1884 ruinis
920 1833 995 1896 erat;
1018 1842 1129 1888 vacuas
1219 1806 1223 1878 l

135 1923 220 1966 areas
235 1924 383 1987 occupare
396 1917 426 1969 et
438 1906 610 1985 aedificare,
625 1911 650 1968 si
666 1925 858 1988 possessores
881 1920 1045 1987 cessarent,
1069 1914 1162 1973 eui-a

135 2007 256 2068 cumque
267 1992 405 2069 permisit.
432 1990 501 2071 lpse
517 1995 725 2053 restitutionem
740 1990 878 2069 Capitolii
893 1994 1066 2075 adgressus,
1082 2016 1129 2057 ru·

134 2072 250 2132 denibus
264 2074 423 2152 purgandis
437 2094 537 2137 manus
555 2078 663 2156 primus
682 2076 808 2137 admovit
823 2094 858 2138 ac
875 2094 927 2137 suo
941 2078 1021 2138 collo
1040 2096 1129 2158 quae·
1220 2096 1221 2115 ³

133 2155 198 2215 dam
214 2156 328 2227 extulit;
347 2176 555 2238 aerearumque
575 2160 735 2220 tabularum
758 2162 812 2220 tria
831 2160 924 2239 milia,
946 2179 1024 2241 quae
1043 2164 1129 2223 simul

134 2238 398 2318 conflagraverant,
425 2243 601 2303 restituenda
627 2245 772 2324 suscepit,
791 2244 916 2327 undique
942 2247 1129 2325 investigatis
1175 2294 1179 2305 .

133 2321 364 2399 exemplaribus:
385 2326 603 2387 instrumentum
616 2326 969 2407 imperiipulclrerrimunr
987 2347 1026 2390 ac
1045 2342 1162 2392 veturs

132 2406 295 2482 stissimum,
311 2424 369 2485 quo
386 2408 604 2470 continebantur
618 2428 713 2489 paene
728 2411 764 2471 ab
782 2410 904 2473 exordio
918 2411 997 2473 urbis
1010 2424 1130 2476 senatus

133 2489 283 2567 consulta,
306 2490 387 2570 plebi
407 2493 480 2553 scita
495 2493 531 2553 de
548 2494 691 2555 societate
711 2503 741 2554 et
761 2495 884 2560 loedere
901 2498 943 2557 ‘ac
990 2498 1129 2577 rivilegic
1217 2476 1219 2554 l

105 2576 302 2654 sculcumque
326 2578 486 2637 concessis.
514 2575 603 2637 Fecit
625 2588 654 2638 et
676 2596 751 2639 nova
773 2597 866 2658 opera
888 2516 1027 2665 teiupllrm
1041 2582 1129 2644 Pacis
1217 2644 1218 2647 ,

131 2658 196 2717 iero
223 2661 398 2739 proximum,
415 2659 540 2741 Diuique
561 2660 662 2723 Claudi
683 2665 712 2722 in
739 2661 840 2724 Caelio
864 2675 963 2727 moute
989 2676 1130 2745 coeptum
1217 2650 1218 2726 l

131 2741 245 2817 quidem
261 2742 296 2804 ab
312 2744 488 2825 Agrippina,
510 2746 564 2806 sed
578 2764 596 2807 a
609 2747 729 2807 Nerone
752 2764 848 2827 prope
869 2750 996 2812 funditus
1012 2750 1128 2813 destru·
1138 2766 1163 2809 ao
1216 2790 1217 2803 2

132 2830 223 2892 ctum;
242 2828 310 2887 item
324 2828 562 2907 amphitheatrum
575 2830 646 2891 urbe
658 2831 761 2908 media,
781 2840 812 2891 ut
828 2832 990 2909 destinasse
1007 2853 1129 2917 compe·
1216 2810 1217 2896 l

130 2913 209 2963 rerat
223 2907 394 2984 Augustum.
473 2920 476 2926 ’
1215 2940 1216 2953 2

190 2987 395 3072 Amplissimos
410 2996 541 3075 ordines,
557 3006 588 3057 et
602 2997 760 3080 exhaustos
776 3000 869 3061 caede
883 3004 963 3063 uaria
980 3014 1010 3065 et
1025 3013 1127 3066 contu·

130 3071 252 3131 minutos
273 3078 367 3134 ueteri
391 3079 596 3158 neglegentia,
621 3084 757 3160 purgavit
773 3085 980 3165 supplevitque
994 3105 1129 3149 recenso

101 3181 105 3226 ÷
130 3163 230 3214 senatu
254 3164 283 3215 et
305 3160 416 3236 equite,
446 3166 593 3225 summotis
621 3165 831 3241 indignissimis
866 3178 897 3229 et
917 3168 1163 3235 honestissimos

130 3253 248 3316 quoqne
262 3239 428 3302 italicorum
442 3263 478 3306 ao
496 3241 715 3327 provincialium
732 3250 851 3312 allecto.
889 3252 986 3333 Atque
1008 3258 1048 3317 uti
1072 3273 1126 3316 no·
1213 3260 1214 3263 ’

129 3327 188 3380 tum
202 3331 289 3400 esset,
305 3332 455 3405 utrumque
473 3330 603 3391 ordinem
616 3349 674 3391 uon
687 3342 743 3393 tam
759 3333 894 3396 libertate
907 3337 981 3398 iuter
990 3358 1023 3400 se
1036 3356 1128 3419 quarn

129 3400 267 3478 dignitate
284 3405 419 3488 duerre,
434 3411 471 3472 de
487 3414 582 3492 iurgio
599 3415 723 3494 quodum
740 3421 885 3481 senatoris
906 3423 1072 3502 equitisque
1086 3422 1125 3484 li.
1212 3440 1213 3449 ¹
