2475 3775
521 142 758 192 o.·csu1auun.
1050 115 1135 199 2131
1212 169 1217 188 .

8 375 13 382 Ι
82 293 87 300 ’
138 296 293 358 Drusillam
314 295 507 375 appellatam,
526 315 582 376 per
603 299 864 382 omniumdearum
884 303 992 382 templa
1017 305 1139 365 eircum-

139 382 256 456 lerens,
284 379 433 440 llinervae
449 382 562 458 gremio
580 382 717 461 imposuit
731 383 920 464 alendamque
940 395 970 446 et
991 388 1138 448 instituen-

139 465 204 526 dam
227 463 446 525 commendavit.
488 463 553 524 Neo
581 464 645 533 ullo
669 468 794 531 lirmiore
821 469 927 530 indicio
952 472 998 532 sui
1023 474 1139 540 seminis
1166 469 1168 476 ’
1209 523 1213 531 .

139 567 207 611 esse
230 546 380 609 credebat·
395 549 645 627 quamferitatis,
674 569 747 630 quae
776 550 818 611 illi
848 559 962 633 quoque
984 563 1061 615 tanta
1083 557 1138 616 iam

112 643 206 700 stunc
223 641 301 710 erat,
329 640 360 691 ut
381 632 493 692 infestis
510 633 607 711 digitis
631 651 683 694 ora
708 639 737 713 et
753 635 855 696 oculos
879 637 961 698 simul
983 637 1138 698 ludentium

124 717 284 788 [infantium
298 718 470 776 incesseret.
512 716 592 778 Leve
608 735 644 778 ac
661 717 797 796 frigidum
819 721 856 780 sit
870 719 915 781 bis
929 719 1053 799 addere,
1080 727 1180 802 quoto

135 803 319 880 propinquos
337 801 502 880 amicosque
525 810 610 880 pacto
631 803 818 881 tractaverit,
840 803 1037 866 Ptolemaeum
1057 808 1138 884 regis

133 885 223 946 lubae
240 884 342 960 lilium,
368 885 572 945 consobrinum
591 904 687 963 snum,
712 888 885 968 (eratenim
902 897 932 948 et
951 890 977 949 is
992 889 1029 950 bl.
1047 889 1151 950 Anto·
1235 925 1236 930 κ

63 985 74 994 ·
134 971 175 1029 nii
200 967 239 1028 ex
260 969 368 1028 Selene
392 968 450 1029 lilia
471 969 583 1049 nepos)
611 979 641 1030 et
667 973 696 1030 in
723 973 823 1050 primis
847 973 940 1052 ipsum
959 973 1136 1050 Macronem,

97 1071 125 1112 ro
135 1055 229 1132 ipsam
248 1051 384 1128 Enniam,
406 1053 560 1114 ‘adiutores
581 1055 709 1132 imperii:
740 1055 842 1133 quibus
864 1055 994 1116 omnibus
1017 1076 1071 1136 pro
1087 1075 1136 1117 ue·

135 1136 319 1196 cessitudinis
334 1138 400 1197 iure·
412 1155 523 1218 proque
535 1139 702 1199 meritorum
722 1141 816 1216 gratia
840 1148 962 1200 cruenta
976 1158 1055 1201 mors
1071 1159 1152 1220 pen.

134 1219 232 1291 soluta
246 1229 301 1279 est.
452 1268 454 1274 .

131 1301 150 1328 ⁸
193 1302 295 1364 -Nibilo
309 1306 491 1365 reverentior
504 1305 638 1369 leniorne
652 1323 724 1384 erga
743 1309 887 1383 senatum’,
908 1307 1047 1386 quosdam
1062 1328 1135 1372 sums

132 1389 187 1462 qris
201 1387 360 1448 honoribus
377 1389 493 1449 iunctos
518 1389 553 1450 ad
575 1388 709 1449 essedum
733 1389 788 1450 sibi
807 1407 926 1450 currere
949 1400 1067 1469 togatos
1081 1412 1136 1472 per

96 1492 123 1533 ra
133 1472 244 1550 aliquot
261 1489 397 1550 passuum
413 1472 506 1548 milia,
536 1481 566 1530 et
581 1474 714 1534 caenanti
736 1473 822 1534 modo
847 1475 884 1536 ad
903 1474 1031 1552 pluteum
1047 1477 1134 1537 modo

132 1555 169 1617 ad
186 1555 279 1635 pedes
295 1565 375 1616 stare
392 1557 563 1618 succinctos·
573 1555 663 1620 linteo
679 1574 784 1636 passus
802 1567 861 1630 est;
884 1559 957 1619 alios
975 1576 1039 1619 curn
1061 1559 1135 1621 olam

130 1641 340 1717 interemisset,
360 1641 449 1700 citare
463 1639 553 1700 nibilo
568 1642 662 1702 minus
678 1649 708 1700 ut
721 1643 805 1707 vitos
820 1645 1040 1722 perseveravit,
1064 1649 1133 1723 pau·

130 1741 185 1784 cos
199 1733 268 1803 post
280 1725 343 1786 dies
358 1723 520 1784 voluntaria
535 1733 629 1785 morte
639 1727 755 1804 ¹perisse
769 1731 913 1787 mendum.
958 1725 1134 1808 Consulibus

131 1807 230 1868 oblitis
246 1807 282 1868 de
297 1807 384 1868 natali
399 1825 452 1867 sno
467 1807 585 1868 edicere
609 1808 762 1886 abrogauit
782 1811 994 1888 magistratum,
1022 1811 1133 1891 luitque

92 1911 186 1975 „per
203 1894 323 1953 triduum
343 1894 406 1952 siue
426 1910 533 1953 summa
547 1901 694 1972 potestate
713 1913 764 1954 res
787 1913 816 1974 p.
835 1896 1027 1970 Quaestorem
1053 1913 1133 1955 suum

129 1981 159 2039 in
177 1978 374 2039 coniuratione
396 1978 569 2037 nominatum
592 1977 772 2055 flagellavit,
804 1987 887 2039 ueste
913 1978 1042 2039 detracta
1067 1978 1132 2039 sub·

128 2065 263 2140 ieetaqne
276 2061 396 2123 militnm
409 2060 547 2139 pedibus,
567 2079 625 2141 quo
642 2057 722 2123 firme
740 2062 922 2131 uerberaturi
938 2064 1114 2123 insisterent.

76 2170 82 2176 ·
191 2146 283 2214 Simili
310 2144 447 2224 superbia
468 2146 673 2224 ‘violentiaque
704 2155 820 2209 eeteros
844 2148 979 2207 tractavit
1005 2146 1131 2208 ordines.

127 2230 305 2309 Inquietatus
330 2230 444 2289 fremitu
469 2230 594 2308 gratuita
617 2233 647 2290 in
673 2232 753 2291 circo
776 2231 842 2292 loca
868 2230 905 2291 de
928 2230 1023 2291 media
1044 2240 1132 2292 nocte

91 2336 119 2377 ss
129 2315 350 2393 occupantium,
376 2315 468 2374 omnis
482 2314 605 2375 iusdbus
621 2312 733 2393 abegit;
757 2316 821 2376 elisi
835 2334 889 2395 per
902 2334 967 2377 eum
984 2316 1131 2375 tumultum

127 2398 231 2476 uiginti
258 2398 379 2477 amplius
398 2390 520 2477 'equites
543 2400 580 2460 R.
601 2398 721 2461 totidem
747 2409 912 2477 matronae,
939 2418 1028 2478 super
1051 2401 1130 2459 iunu-

125 2499 236 2543 meram
254 2482 365 2544 turbam
394 2491 530 2544 ceteram.
574 2484 724 2545 Scaenicis
752 2484 841 2561 ludis,
868 2484 943 2542 inter
963 2482 1080 2561 plebem
1101 2490 1132 2540 et

127 2568 254 2645 equitem
271 2582 387 2628 causam
401 2566 610 2627 discordiarum
631 2586 750 2645 serens,
779 2567 907 2627 decimas
926 2565 1062 2624 maturius
1081 2562 1128 2623 da·

125 2637 194 2727 bal,
219 2660 250 2711 nt
271 2650 417 2731 equestria
437 2649 474 2709 ab
498 2650 595 2709 infimo
617 2656 976 2729 quoqueoocuparentnr.
1015 2646 1128 2709 Gladia-

88 2735 204 2795 aotorio
228 2753 362 2811 munere,
384 2732 511 2792 reductis
538 2733 679 2794 interdum
708 2732 941 2810 flagrantissimo·
959 2731 1023 2791 sole
1044 2732 1129 2809 velis,

125 2819 218 2878 emitti
235 2836 405 2897 quemquam
418 2815 536 2877 vetabat
556 2826 727 2897 remotoque
742 2815 887 2877 ordinario
905 2823 1060 2895 apparatu,
1086 2825 1128 2877 ta·

124 2902 202 2961 bidis
221 2902 294 2963 ieris
314 2901 472 2962 vilissimos
487 2901 627 2979 senioque
646 2901 800 2961 coniectos
816 2898 1010 2979 gladiatores,
1025 2900 1042 2936 ³¹¹
1058 2915 1128 2979 quo·

125 3004 184 3065 que
199 2988 367 3066 paegniaris
381 2994 480 3065 patres
491 2985 660 3046 familiarum
675 2993 761 3046 notos
778 2984 830 3045 sed
842 2985 964 3063 insignis
980 2983 1128 3046 debilitate
1145 3034 1148 3045 ,

125 3071 221 3150 aliqua
240 3070 374 3149 corporis
395 3068 551 3131 obiciebat.
593 3069 640 3130 dc
656 3086 880 3149 nonnumquam,
907 3068 1021 3129 horreis
1043 3085 1127 3148 prae·

84 3182 114 3225 35
127 3155 233 3231 clusis,
260 3155 370 3235 populo
390 3154 494 3217 famem
508 3154 619 3215 indixit.

190 3240 346 3301 Saevitiam
372 3241 481 3320 ingenii
503 3259 557 3320 per
579 3239 654 3299 baec
681 3241 802 3299 mamma
822 3238 955 3299 ostendit.
1000 3233 1070 3295 Gum
1091 3230 1167 3295 adul

124 3325 260 3401 saginam
274 3325 402 3386 lerarum
414 3327 523 3385 muneri
544 3332 779 3404 praeparatarum
793 3322 887 3385 carius
901 3317 1030 3400 pecudes
1050 3332 1126 3375 com-

121 3418 318 3501 pararentur,
341 3428 380 3470 ex
407 3409 501 3469 noxiis
528 3407 678 3482 laniandos
707 3407 852 3469 adnotavit
877 3415 906 3465 et
923 3399 1126 3549 9opstodiarum
