2475 3775
515 149 686 197 onnon.
1037 137 1099 236 209
1175 137 1178 142 '

103 311 159 368 eos
170 307 284 366 nonnisi
295 304 458 385 praeduros
470 304 679 381 exoletosipue}
698 303 831 366 terebant
848 305 1098 385 inllispaniuloe·

24 414 31 420 ·
104 391 162 451 lum
173 389 350 450 eveterihus
363 387 551 464 oonoubinis,
564 387 600 447 de
608 387 734 461 Neronis
746 389 823 450 exitu
837 393 1027 468 nuntiantem,
1039 405 1098 453 non
1227 449 1228 456 ,

10 550 12 557 Α
102 473 359 535 modoartissimis
376 473 485 534 osculis
506 470 602 552 palam
617 481 775 551 exceptum
790 473 825 534 ab
846 491 897 552 eo,
917 473 971 535 sed
987 485 1018 534 ut
1034 478 1113 536 sine.
1227 473 1228 478 ’

102 576 184 619 more
194 557 357 619 velleretur
365 554 487 634 oratum,
503 566 590 636 atque
602 552 760 617 setluotum'.
1227 565 1228 568 ’

81 662 95 702 ι
169 643 259 714 Periit
273 644 359 702 tertio
372 650 401 701 et
411 642 744 721 septuagesimoaetatis
761 659 851 720 auno,
869 642 982 721 imperii
997 655 1140 713 mensets

102 729 239 805 septimo.
275 726 410 802 Senatus,
422 735 453 785 ut
471 726 591 804 primum
607 724 715 786 linitum
735 734 794 804 est,
813 734 937 787 statuum·
952 729 979 787 ei
997 723 1097 789 deere-

13 848 17 854 ·
101 819 186 870 verat
195 819 340 872 rostratae
351 810 502 871 oolutnnae
516 819 729 889 superstantem
740 811 769 869 in
782 821 867 889 purte
878 811 949 888 fori,
970 831 1025 892 qua
1040 821 1097 879 tm·
1159 850 1162 858 ,

102 893 282 964 oidatusest3
295 893 508 954 selideoretut'n
519 895 719 973 Vespasianus
739 893 886 973 abolevit,
905 913 1098 975 percussores
1175 962 1177 968 ,

103 977 158 1039 sibi
171 997 209 1039 ex
218 978 358 1057 Hispania
370 980 399 1038 in
410 977 545 1073 Iudaeum
557 977 726 1039 submisisse
740 981 882 1059 opinatus.

359 1308 363 1314 '
441 1388 445 1393 ,
535 1290 655 1381 orno.

72 1501 101 1544 to
165 1481 427 1544 tiatoresothonts
440 1483 496 1542 orti
507 1492 572 1543 sunt
589 1481 700 1560 oppido
712 1479 865 1560 Ferentio,
878 1482 985 1544 familia
996 1494 1097 1546 vetere
1109 1501 1124 1553 1

102 1575 132 1626 et
147 1567 290 1628 honorata
306 1575 392 1646 atque
408 1583 446 1626 ex
462 1565 643 1646 principibus
659 1565 802 1626 Etruriae.
828 1567 911 1627 Avus
927 1567 966 1628 lll.
983 1569 1097 1631 Salvius

102 1650 188 1727 0tlro,
206 1661 289 1730 putre
303 1653 402 1730 equite
417 1651 454 1710 li.
469 1660 560 1711 matre
571 1649 670 1710 humili
683 1652 824 1710 insertum
841 1669 876 1712 an
888 1653 1029 1731 ingenua,
1044 1672 1097 1734 per

100 1735 330 1812 gratiumliviae
342 1735 512 1811 Augustae,
525 1737 555 1794 in
567 1736 648 1795 ouius
664 1733 752 1796 domo
764 1745 908 1812 creverat,
921 1747 1039 1798 senator
1050 1748 1098 1800 est

100 1813 207 1895 fu‘otus,
221 1834 277 1877 neo
286 1826 441 1899 praeturae
453 1816 573 1896 gradum
583 1818 722 1878 excessit.

63 1926 91 1967 rs
164 1903 251 1964 Peter
260 1901 291 1963 t.
304 1902 390 1981 Otho,
405 1912 535 1963 materno
552 1921 664 1981 genere
682 1901 835 1984 praeoluro
849 1904 1055 1985 multammqne
1067 1916 1097 1967 et

100 2004 267 2065 magnarum
280 1987 555 2067 propinquitatium,
567 1997 623 2049 tam
644 2004 728 2047 eurus
745 1996 860 2066 amque
882 2003 940 2048 non
957 1990 1096 2051 absimilis
1136 2054 1139 2059 ⁴

100 2071 178 2131 faeie
190 2070 310 2131 'l'ilterio
322 2073 449 2151 principi
459 2070 523 2148 init,
535 2080 566 2131 ut
577 2071 713 2149 plerique
726 2079 910 2151 procreatum
922 2090 959 2133 ex
977 2090 1013 2133 eo
1034 2094 1096 2134 ores

101 2154 213 2215 tierent.
243 2155 380 2217 Urbanos
398 2155 541 2231 honores,
559 2154 797 2234 prooonsulatum
814 2156 982 2223 Airioueet
1001 2169 1095 2220 extra·

102 2238 248 2300 ordinaria
262 2241 384 2318 imperia
396 2240 581 2299 severissime
594 2239 825 2301 administravit.¹
844 2240 940 2303 Ausus
953 2244 1039 2305 etiam
1050 2251 1097 2303 est

62 2345 90 2386 so
100 2326 131 2384 in
145 2322 264 2397 lllyrioo
275 2324 380 2385 milites
395 2321 545 2405 quosdam,
558 2324 637 2404 quod
648 2332 728 2385 motu
740 2324 853 2386 Camilli
870 2344 908 2386 ex
919 2329 1097 2406 paenitentia

100 2410 289 2487 praepositos
297 2426 366 2470 suos
375 2410 457 2487 quasi
467 2409 641 2469 deiectionis
653 2408 793 2470 adversus
804 2407 1096 2470 Claudinmauotores

98 2492 277 2568 oooiderant,
290 2495 390 2571 eapite
399 2495 512 2571 punire,
528 2492 684 2571 etquidem
697 2496 919 2571 ante-principia
937 2510 969 2551 se
986 2509 1095 2567 coram,

99 2578 230 2654 quamvis
243 2575 281 2635 ob
292 2576 428 2655 idipsum
439 2585 592 2653 promotos
603 2580 632 2634 in
653 2576 824 2654 ampliorem
843 2574 964 2651 gradum
982 2573 1095 2636 aGlau·

97 2660 149 2719 ulio
162 2662 260 2720 eoiret.
287 2660 352 2734 Quo
364 2658 445 2718 lueto
457 2660 532 2717 siout
546 2658 672 2734 glorium
684 2660 779 2733 auxit,
798 2660 839 2717 ita
848 2660 971 2734 gratiam
980 2660 1094 2730 minuit;

60 2740 1096 2824 nsquamtumenmaturereoipemritdetectosquitisll.fraudo,quem

99 2826 292 2907 prodentibus
303 2827 397 2885 servis
415 2842 518 2885 necem
530 2823 653 2894 Claudio
671 2841 776 2905 parare
794 2835 985 2905 compererat.
1009 2827 1094 2894 Nam·

99 2929 158 2989 qne
170 2903 200 2970 el
210 2919 328 2969 senatus
342 2909 455 2970 honore
467 2910 626 2987 rarissimo,
643 2918 735 2970 statua
746 2911 775 2968 in
786 2909 897 2972 Palatio
910 2914 1014 2993 posita,
1026 2934 1094 2994 pro·

98 3004 218 3055 seontus
231 3003 277 3053 est
294 3012 358 3053 eum
370 3002 400 3053 et
409 2992 547 3054 Claudius
564 2994 708 3055 udleotum
725 2995 801 3053 inter
820 2998 959 3075 patrioios
977 2999 1093 3059 conluu-

98 3079 172 3139 dans
183 3078 368 3158 amplissimis
378 3077 488 3157 verbis,
501 3078 558 3140 hoo
571 3096 687 3160 quoque
699 3076 820 3140 udieoit:
838 3077 901 3157 Vir,
917 3098 976 3161 poto
988 3082 1092 3143 melio-

59 3160 673 3243 soreslibmosltobereneoptoqoidem.
693 3161 740 3225 Ex
752 3162 838 3225 Albia
850 3162 983 3227 Terentia
995 3166 1093 3244 splen·

98 3247 167 3308 dida
175 3246 282 3313 femina
293 3247 366 3307 duos
377 3246 454 3307 lilios
465 3246 575 3325 tulitin.
588 3246 729 3307 Titianum
741 3256 771 3308 et
781 3250 920 3315 minorem
931 3250 969 3309 ll.
983 3264 1092 3325 cogno·

98 3335 205 3393 minem
214 3330 286 3402 sibi;
302 3331 366 3392 tulit
380 3330 520 3410 etlilium,
541 3349 625 3411 quum
641 3332 758 3395 vixdum
774 3332 901 3395 nubilem
915 3332 1010 3393 Druso
1023 3330 1092 3392 Ger·

96 3417 204 3477 manici
216 3416 279 3476 filio
290 3415 453 3496 despondit.
810 3432 811 3435 ’
927 3427 929 3429 ’

144 3520 297 3560 sunuomus.
606 3500 611 3511 “
902 3500 941 3561 14
