2475 3775
231 649 328 765 nu
377 597 923 752 calunnurors

76 1099 85 1109 “
144 1107 333 1170 Grammatico
347 1109 458 1179 Rornae
473 1126 510 1168 ne
522 1108 552 1167 in
563 1125 616 1167 usu
631 1107 745 1186 quidem
758 1108 844 1185 olim,
862 1109 965 1170 nedum
980 1111 1009 1170 in
1025 1110 1104 1174 hol

74 1209 152 1256 nore
172 1192 233 1253 ullo
248 1200 326 1270 erat,
348 1191 410 1254 rudi
427 1192 541 1252 scilicet
556 1208 592 1251 aa
605 1189 749 1252 bellicosa
766 1194 851 1254 etiam
873 1203 931 1254 tuna
947 1195 1075 1274 civitate,

78 1275 202 1338 necdum
220 1275 401 1354 magnopere
426 1274 596 1336 liberalibus
615 1273 775 1354 disciplinis
796 1286 929 1338 vacante.
965 1277 1077 1342 Initium

53 1377 196 1440 equoque
208 1363 272 1422 eius
281 1359 430 1420 mediocre
444 1361 546 1437 extitit,
560 1356 702 1438 siqnidem
714 1359 901 1439 antiquissimi
914 1361 1075 1438 doctorum,

70 1445 127 1522 ,qui
141 1443 227 1505 iidern
242 1453 273 1505 et
289 1451 395 1523 poetae
410 1453 440 1504 et
453 1443 629 1522 semigraeci
644 1453 744 1521 erant,
770 1440 891 1528 (Livium
912 1452 941 1504 et
954 1443 1076 1507 Ennium

78 1528 161 1607 dieo,
174 1546 250 1607 quos
263 1536 384 1607 utraque
401 1528 499 1606 lingua
513 1527 589 1588 dorni
608 1527 746 1606 lorisque
757 1527 894 1588 docuisse
912 1528 1076 1590 adnotatum

78 1611 140 1690 cst)
154 1613 223 1674 nilril
238 1612 360 1692 amplius
373 1629 457 1692 quarn
471 1611 602 1673 Graecos
621 1611 892 1691 interpretabantur,
911 1621 958 1673 aut
970 1615 993 1672 si
1009 1612 1077 1693 quid

77 1697 135 1775 ipsi
148 1695 247 1758 Latine
263 1698 497 1777 composuissent
513 1695 734 1774 praelegehant.
767 1694 838 1757 Nam
852 1696 930 1776 quod
945 1697 1076 1758 nonnulli

41 1779 191 1841 ¹⁰traduat
213 1779 286 1839 duos
308 1778 467 1860 librosvde
494 1778 641 1840 litteris
662 1776 917 1858 syllabisque,
944 1782 1012 1841 item
1034 1779 1076 1840 de

75 1863 203 1925 metris
224 1862 260 1924 ab
283 1861 387 1925 eodem
407 1861 501 1925 llnnio
523 1862 636 1941 editos,
663 1863 725 1923 iure
746 1865 840 1943 arguit
854 1863 885 1925 L.
908 1861 994 1935 Cotta
1018 1882 1077 1927 nou

76 1956 185 2027 poetae
205 1947 258 2008 sed
279 1948 453 2027 posterioris
476 1946 561 2010 Ennii
582 1964 664 2024 esse,
688 1947 768 2009 cuius
788 1947 873 2009 etiam
894 1946 936 2007 de
965 1966 1075 2027 augu-

76 2030 179 2093 randi
202 2031 407 2111 diseiplina
421 2031 567 2093 volumina
582 2031 721 2092 ferantur.

139 2113 251 2176 Primus
267 2117 371 2195 igitur,
395 2126 530 2195 quantum
546 2118 712 2195 opinamur,
733 2114 856 2179 studium
870 2118 1104 2193 grammaticael

41 2201 106 2259 asin
129 2199 230 2261 urbem
249 2199 343 2260 intulit
366 2198 469 2261 Crates
488 2200 645 2277 llallotos,
671 2198 833 2271 Aristarchi
853 2201 1001 2281 aequalis,
1026 2202 1076 2282 qui

76 2284 180 2345 missus
193 2284 231 2346 ad
246 2294 377 2347 senatum
394 2284 432 2345 ab
445 2284 544 2346 Attalo
558 2302 632 2363 rege
648 2284 722 2345 iuter
738 2284 893 2347 secundum
910 2304 945 2345 ac
960 2286 1075 2345 tertium

77 2367 212 2429 Punicana
232 2368 340 2434 belluna
355 2368 408 2430 salt
425 2366 518 2450 ipsam
532 2368 617 2430 Ennii
631 2377 770 2447 mortem,
796 2388 859 2433 curn
876 2370 1000 2447 regione
1022 2368 1074 2429 ra·

76 2450 138 2513 latii
155 2453 310 2533 prolapsus
323 2455 353 2514 in
367 2454 490 2514 cloacae
508 2454 640 2515 foramen
663 2470 729 2513 crus
743 2453 898 2531 fregisset,
921 2471 975 2531 por
990 2446 1088 2512 omne'

76 2534 231 2613 legationis
244 2537 328 2598 simul
353 2546 383 2596 et
401 2536 563 2597 valitudinis
579 2546 694 2615 tempus
712 2536 850 2615 plurimas
866 2536 997 2595 acroasin
1009 2538 1073 2594 sult-

38 2620 143 2681 aoiude
162 2622 234 2682 lecit
257 2620 430 2698 assidueque
452 2620 602 2695 disseruit,
616 2638 666 2685 ,ac
688 2621 797 2685 nostris
812 2617 948 2695 exemplo
969 2618 1023 2677 luit
1039 2617 1075 2677 ad

76 2704 247 2767 imitandum.
275 2703 423 2765 llaotenus
438 2711 532 2764 tamen
550 2703 663 2780 inritati,
680 2712 710 2763 ut
726 2702 851 2765 carmina
868 2718 967 2780 parum
982 2699 1074 2769 adlauc

77 2788 224 2864 divulgata
241 2787 290 2849 rel
310 2786 510 2846 defunctorum
525 2787 682 2847 amicorum
701 2785 750 2846 rel
771 2786 801 2845 si
818 2802 938 2864 quorum
953 2784 1074 2847 aliorum

76 2870 267 2951 probassent,
289 2869 456 2946 diligentius
469 2876 664 2932 retractarent
681 2888 716 2931 ac
731 2868 864 2949 'legendo
881 2877 1072 2931 commentan-

78 2956 173 3035 doqne
188 2955 277 3015 etiam
297 2955 405 3014 ceteris
419 2961 486 3013 nota
501 2952 647 3023 lacerent;
663 2962 694 3013 ut
713 2952 748 3013 G.
765 2953 902 3015 Octavius
915 2952 1072 3033 lampadio

41 3038 181 3101 wllacrii
201 3037 338 3099 Punicum
358 3035 482 3114 bellum,
509 3036 587 3116 quod
607 3054 664 3097 ano
688 3038 833 3111 volumine
861 3046 890 3099 et
915 3037 1073 3105 continenti

79 3125 222 3203 scriptura
246 3122 412 3203 expositura
432 3120 529 3183 diuisit
547 3122 576 3183 in
597 3130 710 3201 septem
722 3120 836 3191 ‘liltros;
858 3130 889 3183 ut
909 3130 1012 3202 postea
1034 3118 1071 3196 Q.

79 3208 274 3285 Vargunteius
288 3206 408 3271 annales
422 3204 523 3282 Ennii,
540 3223 615 3285 quos
631 3206 720 3267 certis
735 3204 837 3269 diebus
854 3205 996 3282 iumagna
1012 3202 1072 3263 ire·

81 3292 194 3370 quentia
215 3289 432 3371 pronuntiabat3
447 3299 485 3351 ‘ut
502 3289 618 3353 lautus
632 3290 795 3355 Archelaus
815 3292 986 3370 Vettiusque
1007 3284 1071 3347 Plri-

80 3374 326 3521 locpppppullprscilii
340 3383 453 3452 umas
472 3374 621 3437 familiaris
636 3376 695 3457 sui,
719 3394 790 3456 quas
809 3375 920 3519 legispp
938 3388 972 3435 se
995 3368 1072 3451 apud
