2475 3775
1228 5 1232 109 l

68 215 70 224 s
157 153 214 216 22·
241 165 270 214 c.
285 121 434 214 semrom
450 156 577 220 remu.
596 155 645 206 on
657 153 742 206 vrrs
754 113 946 234 'emensura-
956 153 1025 200 ιω.
1040 149 1065 198 1.

157 321 265 395 istaec,
298 335 354 379 oro
383 322 434 386 tes
463 313 588 394 quondo
610 318 715 374 notum
728 317 790 387 est,
818 316 849 371 et
872 307 948 390 poid
965 307 1018 368 ille
1042 304 1097 367 tibi
1120 312 1150 367 et

159 405 234 486 quid
258 402 306 462 illi
330 407 392 466 tute
415 399 547 460 dedas.
586 395 699 459 Gallico
727 396 851 474 denique
875 392 1020 472 triumpbo
1045 392 1148 450 milites

159 489 221 550 eius
235 488 309 546 inter
327 493 425 551 cetera
441 485 581 559 ommino,
604 480 700 559 qualia
714 496 835 559 currum,
843 484 1057 557 prosequentes
1070 477 1147 534 iocu-

159 573 258 632 lariter
274 578 393 646 canunt,
415 567 499 628 etiam
511 565 581 627 illud
596 564 823 642 vulgatissimum
838 562 1106 642 pronuntiaverunt:

285 657 388 714 Gallius
399 653 813 729 Gaesorsubepit,plls'cpmeics
825 650 986 706 vomerem
1157 660 1173 700 s

251 800 255 808 Χ
283 741 357 796 Ecce
371 713 562 808 Caesarianae
575 736 729 808 triumphat
740 737 791 808 qui
806 734 909 806 mame
919 733 1030 796 Gallias,

284 824 444 880 Nicomedes
454 838 513 878 oon
526 820 676 893 triumphet
690 823 738 892 poi
745 818 847 890 subepit
858 817 1012 876 cossam

40 943 41 948 κ
119 907 283 972 soPronum
305 913 337 964 et
357 909 552 982 sumptuosum
572 901 601 960 in
624 899 757 960 libidines
778 899 869 959 luisse
894 904 1032 956 constans
1053 894 1150 974 opinio

160 999 219 1066 est,
242 983 434 1068 plurimusque
451 993 482 1046 et
502 984 632 1045 illustres
650 984 774 1044 'feminas
793 982 976 1059 corrupisse,
997 981 1027 1038 in
1049 977 1150 1057 quibus
1230 1046 1232 1059 Ι

160 1072 332 1133 Postumiam
353 1071 440 1132 Servi
455 1069 597 1152 Sulpicii,
619 1068 739 1129 Lolliam
760 1065 827 1125 Auli
847 1064 967 1140 Gabini,
993 1061 1149 1134 Tertullam
1159 1078 1189 1120 ro

160 1157 251 1216 blanci
266 1153 382 1231 (bassi,
404 1155 490 1214 etiam
511 1151 572 1213 GN.
587 1152 706 1233 Pompei
727 1151 857 1212 blaciam.
887 1147 959 1208 llam
975 1155 1056 1206 certe
1069 1145 1150 1205 Pom

160 1241 228 1320 pelo
245 1248 274 1298 et
296 1258 312 1299 a
335 1235 507 1300 Gurionibus
523 1245 607 1318 patre
628 1245 658 1296 et
676 1236 735 1310 lilio
756 1243 786 1294 et
801 1251 817 1294 a
831 1232 927 1292 multis
948 1225 1151 1310 exprobratum

71 1357 72 1364 ι
161 1332 224 1400 est,
252 1322 328 1401 quod
350 1323 430 1381 culus
454 1339 540 1380 causa
561 1329 628 1400 post
648 1329 709 1379 tres
729 1319 839 1381 liberos
859 1317 1010 1394 exegisset
1032 1329 1152 1387 uxorem

162 1417 192 1468 et
222 1424 305 1486 quem
328 1421 454 1483 ¹gemens
488 1403 659 1481 Aegisthum
687 1402 838 1483 appellare
863 1407 1053 1474 consuesset,
1090 1397 1155 1457 eius

110 1569 114 1576 ι
161 1500 265 1572 postea
287 1491 371 1550 liliam
393 1489 540 1568 potentiae
567 1487 721 1565 cupiditate
740 1488 769 1547 iu
789 1485 995 1546 matrimonium
1018 1483 1188 1560 recepisse

162 1583 217 1634 set.
243 1573 302 1633 Sed
317 1623 318 1628 ,
332 1581 396 1632 ante
420 1572 491 1632 alias
513 1570 614 1630 dilexit
639 1571 728 1631 blanci
747 1569 827 1630 Bruti
849 1577 968 1628 matrem
990 1565 1153 1640 Serviliam,

163 1659 208 1718 cui
229 1665 259 1716 et
280 1656 371 1734 primo
396 1671 448 1714 suo
474 1653 624 1714 consulatu
643 1655 801 1732 sexagiens
816 1653 951 1714 sestertio
971 1650 1154 1726 margaritam
1223 1677 1228 1688 ·

161 1747 304 1801 mercatus
324 1747 369 1798 est
391 1747 421 1798 et
441 1737 519 1814 bello
544 1738 622 1798 civili
641 1756 732 1818 super
752 1738 823 1798 alias
843 1735 1012 1796 donationes
1037 1732 1153 1812 amplis

63 1820 101 1829 ”
161 1827 232 1884 sima
254 1822 372 1903 praedia
402 1840 439 1882 ex
469 1819 649 1883 auctionibus
671 1822 772 1882 hastae
792 1823 906 1880 minimo
937 1817 1059 1884 abdixit;
1090 1833 1156 1876 oum
1228 1826 1232 1843 ¹

163 1908 290 1987 quidem,
312 1907 460 1987 plerisque
481 1907 618 1969 vilitatem
638 1906 820 1983 mirantibus,
842 1904 1018 1965 facetissime
1045 1900 1192 1972 Ciceros
1230 1931 1231 1980 }

163 1990 231 2065 Quo
264 1992 388 2068 melius,
416 1992 519 2070 inquit,
554 1999 685 2069 ereptum
710 1990 837 2065 sciatis,
868 1986 972 2048 Tertio
999 1985 1157 2055 dedocto;
1230 1985 1231 2000 ³

163 2073 376 2134 existimabatur
399 2075 474 2134 enim
494 2075 617 2135 Seruilia
634 2075 719 2133 etiam
743 2074 829 2134 iliam
845 2088 923 2131 suam
938 2070 1064 2131 Tertiam
1082 2067 1157 2130 Gae-

121 2171 153 2223 51
165 2158 222 2217 sari
244 2157 409 2217 conciliare.
443 2156 488 2217 Ne
505 2151 734 2235 'provincialibus
762 2156 878 2236 quidem
898 2154 1085 2215 matrimoniis
1106 2152 1158 2213 ab

164 2239 310 2314 stinuisse,
334 2239 382 2298 vel
398 2239 455 2298 hoc
472 2238 594 2299 disticho
607 2249 732 2320 apparet
752 2241 859 2302 iactato
876 2256 970 2318 aeque
984 2255 1001 2300 a
1016 2236 1159 2298 militibus

163 2339 217 2401 per
233 2320 371 2382 Gallicum
385 2322 570 2403 triumphum:
1167 2348 1194 2387 25

230 2408 347 2479 Urbani,
364 2414 471 2465 servate
489 2426 605 2475 uxores,
628 2409 769 2467 moechum
785 2412 888 2469 caluom
908 2410 1078 2467 codomanus.

223 2492 332 2567 ,domm
347 2494 376 2567 io
393 2492 483 2549 (lollio
497 2494 643 2565 effutuisti,
664 2494 709 2550 itio
721 2498 861 2568 sumpsisti
875 2489 1007 2551 nemnem.

121 2572 272 2635 sabtlextt
301 2582 331 2634 et
358 2574 491 2651 reginas,
525 2574 601 2633 inter
631 2592 701 2653 quas
724 2572 845 2635 Eunoen
870 2572 995 2635 Mauram
1025 2572 1162 2651 Rogudis

163 2674 298 2734 uxorem,
319 2656 364 2717 oui
384 2658 542 2737 maritoque
563 2658 625 2718 eius
641 2658 763 2737 plurima
785 2666 815 2718 et
836 2659 972 2717 immensa
988 2656 1105 2737 tribuit,
1129 2665 1163 2716 ut

161 2737 240 2798 Naso
264 2740 393 2819 scripsit,
416 2740 610 2827 sedmaxime
634 2739 833 2821 Cleopatram,
870 2758 933 2801 cum
956 2758 1012 2819 qua
1032 2748 1064 2799 et
1084 2756 1197 2803 con-so

161 2821 236 2881 vivia
251 2822 279 2883 in
294 2824 412 2902 primam
427 2824 521 2885 lucem
538 2843 629 2905 saepe
645 2826 792 2905 protraxit
810 2834 842 2885 et
856 2824 957 2885 eadem
971 2841 1046 2884 nave
1066 2823 1162 2885 tbala-

161 2919 263 3002 mago.
277 2924 370 2983 paene
401 2907 555 2989 Aethiopia
586 2918 671 2971 tenus
698 2909 865 2987 Aegyptum
893 2909 1072 2989 penetrarit,
1102 2908 1165 2967 nisi

163 2995 310 3047 exereitus
327 2990 410 3067 sequi
424 3001 608 3071 recusasset,
630 2993 854 3071 quamdamque
871 2992 992 3053 accitam
1009 2994 1038 3054 in
1054 2990 1166 3052 urbem

159 3068 275 3129 nonnisi
290 3072 417 3131 maximis
432 3072 589 3135 bonoribus
604 3078 785 3156 praemioque
800 3086 911 3138 aucam
919 3076 1040 3153 remisit,
1054 3075 1165 3136 lilium·

146 3168 218 3230 'que
233 3160 327 3213 nutum
343 3156 494 3234 appellare
514 3160 628 3218 nomine
648 3175 701 3219 suo
723 3177 825 3237 passus
843 3170 897 3221 eet.
935 3161 1027 3235 Quem
1041 3160 1199 3240 quidemst»

160 3235 288 3297 nonnulli
307 3236 482 3299 Graecorum
497 3242 617 3301 similem
632 3256 747 3322 qnoque
763 3240 882 3305 Caesari
903 3254 933 3304 et
953 3245 1046 3303 forma
1068 3252 1102 3304 et
1119 3244 1165 3302 iu·
1230 3279 1231 3292 ι

143 3336 250 3388 ,οοεειι
268 3320 452 3381 tradiderunt.
494 3324 533 3385 bl.
557 3324 699 3385 Antonius
719 3325 863 3403 adgnitum
884 3329 970 3389 etiam
992 3326 1030 3387 ab
1049 3344 1089 3387 eo
1114 3344 1165 3387 se·

160 3404 238 3463 natui
257 3402 433 3481 adfirmavit,
456 3423 529 3485 quae
549 3407 680 3469 scirec.
703 3410 819 3471 blatium
838 3420 868 3473 et
889 3411 923 3473 G.
942 3411 1066 3492 Oppium
1088 3412 1166 3472 reli·
