2475 3775
133 147 195 212 ⁶208
218 161 248 210 e.
262 159 412 210 suanam
425 159 554 219 renuo.
570 160 618 209 oe
631 161 714 208 vruu
728 159 991 210 consuranorum.
1003 162 1065 209 vn.

135 319 284 380 auctore?
303 315 503 396 responderit;
523 325 610 395 atque
626 319 656 377 in
673 316 766 377 lorum
783 336 875 398 usque
898 319 1056 396 processit.
1086 315 1131 378 Ibi

134 405 257 482 equites,
273 401 377 480 quibus
391 400 523 462 mandata
534 399 719 478 caedeserat,
729 419 792 462 curn
803 420 856 482 per
866 401 1011 484 publicum
1022 401 1132 464 dimota

135 503 313 566 paganorum
326 483 408 545 turba
424 502 516 564 equos
528 484 708 563 adegissent,
718 487 784 546 viso
797 487 900 565 procul
912 503 960 565 eo,
974 503 1131 566 parumper
1212 541 1213 544 ,

135 572 314 640 restiterunt;
334 569 401 630 dein
417 587 530 629 rursum
544 569 653 631 incitati
673 567 818 630 desertum
835 588 852 631 a
870 571 929 630 suis
947 569 1128 632 contrucida-

135 663 209 716 lllnl.
1143 667 1156 706 ὅ

92 745 128 798 20
198 737 270 799 Sunt
282 739 331 819 qui
345 737 467 814 tradant,
483 737 518 798 ad
533 739 655 818 primum
667 737 813 798 tumultum
834 737 1032 816 proclamasse
1050 741 1129 797 euin:
1145 751 1151 761 ’

135 821 220 897 Quid
239 823 334 903 apilio
354 821 597 884 commilitones?
616 840 673 901 epo
693 829 795 884 vester
814 838 899 898 aum,
929 827 959 882 et
975 839 1035 882 ooo
1055 821 1131 881 mei!

135 907 300 968 donativum
312 907 396 966 etiarn
408 905 579 983 pollicitum.
614 905 717 966 Plures
728 916 822 967 autem
833 905 1032 985 prodiderunt,
1049 914 1130 984 optu-

135 993 207 1052 lisse
218 989 294 1050 ultro
306 990 432 1066 iugulum
444 997 473 1048 et
483 989 586 1050 utboc
597 997 735 1069 opereat,
748 1007 787 1052 ac
795 989 935 1068 seirent,
950 988 1075 1069 quando
1086 989 1130 1048 ito
1212 999 1217 1010 ·

134 1073 308 1149 odocar,
329 1074 481 1133 hortatum.
513 1071 587 1133 lllnd
611 1075 711 1134 mirum
733 1073 884 1135 admodum
905 1074 1006 1152 luerit,
1035 1085 1164 1152 nequem

137 1158 333 1238 praesentium
355 1174 527 1236 quemquam
553 1174 640 1236 opem
656 1159 822 1237 imperatori
846 1158 925 1218 ferre
948 1165 1081 1218 conatum
1102 1165 1132 1216 et

137 1259 238 1302 omnes
251 1241 300 1319 qui
312 1241 524 1321 arcessireutur
537 1243 688 1321 sprevisse
699 1241 834 1320 muudum,
850 1250 976 1322 excepta
985 1241 1130 1303 Germani·

137 1326 496 1405 clauorumvexillatione.
524 1324 718 1412 lQffirs
730 1327 861 1387 marinum
880 1325 958 1406 quod
971 1345 1004 1386 se
1021 1341 1131 1402 aegros

138 1419 168 1470 et
184 1407 328 1490 invalidos
345 1427 526 1489 magnopere
546 1409 687 1488 fovisset,
716 1412 745 1470 in
763 1411 897 1472 auxilium
914 1409 1132 1486 advolaverunt,

137 1491 190 1555 sed
202 1495 304 1570 serius,
318 1494 420 1554 itinere
434 1494 519 1554 devio
532 1495 783 1573 perignorantiam
795 1491 927 1556 locorum
938 1493 1084 1555 retardati.
1143 1510 1167 1552 15

201 1576 350 1655 lugulatus
362 1577 454 1639 estad
465 1577 560 1642 lacurn
571 1576 651 1639 Curti
663 1597 698 1640 ac
710 1579 829 1640 relictus
840 1581 879 1640 ita
890 1581 929 1640 uti
942 1587 1017 1655 erat,
1036 1576 1135 1638 donee

136 1661 647 1740 gregariusmilesafrumentatione
666 1663 783 1724 rediens
800 1663 915 1725 abiecto
934 1679 1022 1724 onere
1043 1669 1135 1738 caput
1218 1691 1223 1697 ·

138 1746 168 1806 ei
180 1747 350 1825 arnputavit;
364 1754 393 1806 et
405 1747 538 1823 quoniam
550 1747 658 1825 capillo
672 1749 801 1826 arripere
814 1766 872 1808 nou
885 1755 1009 1827 poterat,
1024 1745 1053 1803 in
1065 1762 1134 1821 gre-
1225 1825 1226 1828 Ἴ

138 1829 224 1891 mium
235 1828 357 1908 addidit,
369 1846 439 1891 mox
450 1831 559 1892 inserto
571 1848 625 1911 per
639 1849 672 1893 os
685 1829 795 1913 pollice
814 1831 850 1893 ad
861 1831 1005 1894 Othonem
1021 1827 1134 1890 detulit.

138 1915 193 1975 llle
204 1914 272 1975 lixis
284 1914 491 1994 calonibusque
503 1915 630 1995 donauit,
642 1918 690 1997 qui
704 1917 786 1979 basta
798 1916 930 1977 sulllxum
943 1934 1002 1976 non
1014 1916 1076 1975 sine
1091 1912 1133 1973 lu·
1143 1932 1169 1973 oo
1226 1915 1227 1991 l

140 1998 233 2058 dibrio
246 2001 353 2059 circum
366 2009 460 2060 casua
472 2010 632 2079 portarunt,
643 2000 837 2061 adclamantes
849 1999 1017 2061 identidem:
1032 1996 1136 2059 catto
1226 1992 1227 2073 ᾖ

140 2081 273 2159 Cupido,
288 2081 413 2160 fruaris
426 2088 528 2144 aetate
541 2085 616 2144 tua!
642 2086 769 2145 mammo
782 2085 883 2147 irritati
900 2084 936 2145 ad
950 2083 1038 2145 talem
1053 2085 1135 2143 ioco

139 2183 201 2225 rum
213 2165 409 2242 petulantiam,
422 2166 499 2245 quod
511 2176 579 2228 ente
589 2186 701 2246 paucos
713 2168 774 2229 dies
786 2171 898 2229 exierat
910 2170 937 2228 in
946 2166 1063 2246 vulgus,
1074 2167 1135 2227 lau·

138 2247 218 2306 danti
235 2247 476 2309 cuidamlorrnam
492 2266 571 2309 suam
582 2261 613 2311 ut
631 2251 723 2312 adbuc
740 2252 870 2313 lloridam
888 2263 917 2313 et
928 2261 1066 2329 vegetam
1086 2268 1135 2311 re-

140 2328 297 2410 spondisse
309 2322 469 2391 eum:’'Ecc
479 2327 535 2411 pol
543 2328 642 2412 μένος
654 2327 798 2413 ἔμπεδόν
809 2332 908 2399 ἐστιν.
938 2336 1169 2397 AbisPatro·as
1226 2396 1227 2405 ,

140 2414 182 2474 bii
193 2414 352 2475 Neroniani
363 2414 483 2475 libertus
495 2425 609 2477 centum
620 2420 716 2478 aureis
726 2420 905 2501 redemptum
923 2437 960 2481 eo
974 2420 1062 2496 loco,
1085 2418 1135 2478 ubl

140 2502 221 2560 iussu
233 2497 343 2560 Galbae
354 2498 582 2565 animadversum
592 2504 622 2560 in
634 2511 784 2580 patronum
797 2522 876 2567 suurn
889 2504 1000 2583 luerat,
1017 2503 1134 2564 abiecit.

142 2585 216 2644 Sero
227 2583 341 2645 tandem
352 2582 537 2663 dispensator
548 2585 676 2663 llrgivus
688 2595 718 2647 et
728 2587 786 2648 boc
805 2599 835 2649 et
854 2598 982 2649 ceterum
1004 2597 1136 2648 truncum

141 2669 170 2727 in
186 2670 307 2746 privatis
319 2670 381 2728 eius
392 2668 486 2728 bortis
495 2668 614 2731 Aurelia
625 2673 671 2731 via
682 2672 849 2751 sepulturae
860 2671 950 2737 dedit,

98 2758 133 2810 al
205 2752 319 2813 Statura
340 2752 393 2813 fuit
413 2754 505 2830 iuste,
528 2755 623 2832 capite
649 2756 825 2834 praecalvo,
859 2756 952 2817 oculis
980 2753 1136 2831 caeruleis,
1145 2772 1172 2815 so
1226 2768 1227 2801 t

142 2831 253 2893 adunco
265 2853 352 2913 naso,
368 2835 497 2898 manibus
512 2836 693 2918 pedibusque
712 2840 856 2901 articulari
873 2839 976 2900 morbo
994 2838 1137 2899 distortis-

141 2915 229 2992 simis,
241 2926 378 2997 utaequa
391 2920 521 2980 calceum
533 2924 650 3000 perpeti
664 2940 719 2982 neo
735 2923 854 2985 libellos
870 2924 1012 2984 evolvere
1029 2928 1077 2983 aut
1092 2931 1135 2981 te·

142 3015 211 3058 nere
224 3002 339 3060 omnino
355 3003 477 3063 valeret.
513 3004 695 3066 Excreverat
712 3009 796 3068 otiam
812 3009 840 3067 in
857 3008 1024 3069 dexteriore
1043 3006 1137 3066 latere

143 3084 205 3141 eius
215 3099 294 3159 caro,
310 3085 586 3167 praependebatque
603 3089 677 3149 adeo
693 3098 724 3149 ut
741 3108 830 3167 aegre
845 3091 937 3151 fuscia
955 3090 1137 3166 substringe-

60 3205 62 3210 .
100 3169 230 3227 caretur.
256 3164 319 3227 Cibi
330 3168 444 3245 plurimi
454 3172 582 3250 traditur,
600 3189 685 3251 quem
696 3180 828 3255 tempore
839 3174 961 3236 hiberno
971 3176 1056 3237 etiam
1067 3182 1136 3233 ente
1149 3193 1178 3235 as

142 3250 237 3311 lucem
255 3267 363 3329 capere
377 3264 547 3331 consuerat,
562 3257 637 3315 inter
655 3272 773 3317 caenam
787 3277 860 3320 vero
879 3276 971 3339 usque
989 3274 1026 3319 eo
1046 3256 1137 3318 abun-

143 3334 246 3410 dantis,
257 3344 287 3394 ut
304 3343 462 3411 congestas
473 3351 562 3414 super
571 3357 671 3400 marrus
682 3340 819 3419 reliquias
832 3343 1010 3403 circumferri
1020 3340 1140 3402 iuberet

143 3420 301 3498 spargique
313 3417 349 3479 ad
360 3416 451 3497 pedes
463 3421 611 3483 stantibus.
641 3424 778 3486 Lubrdrms
790 3429 818 3487 in
832 3445 927 3489 mares
946 3428 1084 3507 pronior,
1108 3434 1141 3485 et
