2475 3775
219 166 269 217 XX
557 162 774 218 PRAEFATIO.

222 322 299 379 multi
325 323 360 379 ab
385 310 609 379 editoribus‘vel
635 321 737 378 leviter
761 319 882 393 inspecti
904 321 949 377 vol
976 320 1125 391 diligenter
1153 349 1164 366 ι

222 405 318 462 collati
334 410 405 461 sunt.
451 405 499 461 Sic
514 410 544 459 ut
558 404 695 476 exemplis
711 412 789 475 utar,
807 404 921 461 Parisiis
940 405 968 460 in
985 404 1126 474 Imperiali

221 485 393 547 bibliotheca
413 488 479 544 libri
503 486 592 542 xxiv
607 504 721 544 numero
743 493 907 559 servantur,
929 504 981 559 per
995 486 1125 544 Alaman-
1220 537 1222 541 .

221 572 480 639 niumbasiliensas,
496 569 709 643 Friburgenses,
727 572 894 627 Turicenses
906 571 1044 641 singulos,
1059 572 1125 626 ber-

220 672 322 713 uenses
339 652 408 729 (non
421 650 601 727 Bremanses)
617 655 688 719 duos
702 656 813 711 habent.
859 655 917 711 Sed
937 654 965 709 in
980 659 1057 709 tanto
1076 670 1126 707 nu-

221 754 298 795 mero
320 736 403 809 pauci
424 742 504 805 sunt,
526 737 814 808 quorumcollatione
831 738 917 793 hodie
938 736 1125 793 Suetouianus

220 820 293 877 liber
307 820 433 877 adiuvari
445 836 530 891 posse
539 819 676 877 videatur.
701 820 735 875 lit
746 821 910 893 antiquitate
922 826 950 876 et
964 820 1125 890 integritate
1183 821 1185 823 ’

220 903 356 974 reliquos,
364 908 499 974 quotquot
511 903 599 959 adhuc
609 904 799 979 innotuerunt,
809 921 903 960 omnes
915 905 1000 973 longo
1012 908 1126 974 superat

221 987 476 1058 etquasiobscurat
490 986 719 1045 Memmianus
735 988 1032 1044 liberlarisinns
1046 992 1123 1045 6115.

220 1070 316 1141 ltaque
331 1070 414 1141 paulo
431 1069 574 1141 copiosius
590 1070 626 1126 dc
645 1088 681 1127 eo
695 1072 842 1128 dicendum
859 1071 997 1126 existimo.

279 1152 397 1221 l’rodiit,
417 1158 446 1207 ut
460 1153 515 1208 iam
531 1153 662 1224 diximus,
677 1172 694 1209 e
708 1154 864 1211 Turonensi
879 1154 1053 1209 bibliotheca
1068 1148 1125 1226 (iu-

220 1235 335 1309 scripsit
350 1234 422 1291 enim
436 1252 512 1291 saec.
529 1236 593 1292 Xlll
608 1237 839 1294 bibliothecarius
856 1236 973 1308 aliquis:
988 1236 1061 1291 istc
1078 1235 1125 1289 li-

220 1321 286 1375 ber
303 1325 356 1375 est
372 1319 415 1378 do
437 1320 590 1376 armario
611 1322 653 1377 b1
666 1321 811 1378 martini
828 1318 904 1393 teir)
923 1334 994 1375 anno
1011 1318 1124 1373 circiter

220 1410 288 1463 1562
303 1398 481 1475 perturbas,
499 1408 529 1455 ut
545 1419 599 1473 ego
614 1403 761 1473 existimo,
776 1402 966 1473 Hagenoticas
981 1401 1125 1473 pervenit-
1195 1458 1208 1479 Ο

220 1503 274 1557 que
295 1486 323 1542 in
347 1485 544 1542 bibliothecam
565 1485 680 1567 ilenrici
694 1486 813 1541 blemmii
836 1482 887 1558 (de
901 1480 1035 1557 blesmcs)
1058 1501 1125 1555 sup-

218 1569 320 1639 plicum
334 1568 493 1625 libellorum
509 1568 537 1623 in
552 1570 632 1639 regia
647 1569 782 1639 magistri.
811 1566 878 1622 llam
894 1565 1125 1638 quodllobertnm

157 1665 159 1668 ’
219 1650 387 1723 Stephanum
417 1650 446 1705 in
467 1651 638 1707 emendanda
663 1650 787 1707 editione
811 1649 936 1705 Parisino
969 1648 1032 1703 anni
1056 1656 1125 1709 1543

216 1733 379 1790 blammiano
401 1732 500 1789 codice
516 1750 594 1790 usum
610 1752 674 1791 esse
689 1732 825 1790 Graevius
843 1724 947 1803 aliique
963 1732 1123 1802 voluerunt,
1228 1755 1231 1800 q

216 1817 247 1873 id
276 1818 375 1874 lalsum
405 1811 490 1891 cst⁷).
535 1817 658 1890 Primus,
686 1823 816 1889 quantum
838 1814 1012 1885 investigare
1033 1814 1123 1885 potui,

216 1901 379 1957 blammiano
416 1901 509 1956 codici
543 1917 658 1974 operam
687 1901 764 1958 dedit
792 1899 947 1956 lladrianus
978 1899 1121 1954 Turnebus

217 2001 242 2040 a·
259 1990 343 2053 1564,
366 1984 412 2055 qui
435 1983 463 2038 in
479 1984 712 2043 Adversariorum
733 1991 815 2057 parte
830 1982 921 2040 modio
936 1982 984 2037 lib.
1001 1987 1123 2042 13-24

214 2066 314 2121 Errico
326 2066 452 2121 Memmio
461 2067 602 2136 dedicata,
617 2083 707 2138 neque
721 2071 812 2122 manen
827 2065 888 2122 aius
900 2065 1011 2122 nomine
1022 2065 1123 2121 librum

216 2148 360 2218 appellare
376 2163 471 2215 ausus,
487 2148 569 2204 multa
585 2149 651 2204 inda
665 2148 774 2219 prolata
790 2149 1003 2209 commendavit.
1038 2148 1122 2202 Simi-

215 2229 324 2284 litaret
340 2228 436 2284 Petrus
452 2227 617 2306 Pithoeus⁸)
635 2237 663 2286 et
680 2227 833 2305 loannes⁹)
857 2230 1040 2302 Obsopoeus,
1061 2246 1122 2284 cnm

283 2402 313 2468 7)
332 2407 464 2457 Lectiones
481 2409 665 2471 consideranti,
683 2425 746 2473 quas
764 2409 907 2475 Stephanus
924 2411 1021 2475 primus
1037 2409 1064 2457 in
1080 2422 1122 2457 or-

214 2474 300 2525 dinem
313 2475 448 2524 verborum
466 2477 574 2542 recepit,
600 2479 732 2543 apparebit
750 2479 783 2528 ad
799 2492 902 2528 manum
921 2480 944 2527 ei
959 2478 1024 2527 duos
1042 2476 1121 2526 libros

214 2543 322 2608 scriptos
339 2541 435 2604 inisse,
454 2559 560 2607 quorum
579 2547 686 2596 alterum
704 2547 817 2596 codicem
834 2547 977 2596 Parisinnm
994 2543 1062 2594 6116
1080 2543 1122 2592 vel
1229 2584 1231 2591 ,

213 2610 283 2662 5802
300 2610 381 2661 fuisse
400 2612 521 2674 arbitror,
543 2614 650 2664 alterum
669 2615 780 2664 similem
797 2617 906 2679 aliquem
923 2613 1029 2663 Medicei
1045 2611 1123 2675 primi

214 2686 238 2727 et
257 2680 393 2744 Gopesiaui
418 2688 442 2729 et
465 2681 594 2744 Hulsiani,
621 2681 731 2733 fortasse
756 2684 897 2733 Parisinum
921 2681 1020 2745 regium
1040 2678 1120 2729 5801.

213 2746 254 2795 nd
272 2747 335 2796 illud
351 2763 433 2812 genus
452 2747 515 2797 haec
532 2752 675 2814 pertinent:
693 2767 718 2817 p.
739 2751 781 2809 63,
796 2751 830 2802 26
847 2759 872 2800 et
890 2759 917 2799 at
934 2763 1013 2806 anm:
1031 2761 1057 2810 p·
1076 2745 1120 2806 85,

213 2815 231 2862 4
246 2817 295 2863 iam
314 2822 388 2875 taae;
400 2833 426 2880 p.
441 2815 501 2878 213,
519 2815 536 2866 6
553 2827 635 2869 tamen
653 2821 788 2878 omissum
806 2835 832 2883 p.
845 2817 905 2879 218,
918 2816 950 2866 12
967 2819 1122 2872 lactassent,-

212 2897 239 2945 p.
258 2881 327 2943 237,
353 2883 367 2930 1
394 2891 420 2933 et
435 2887 593 2946 statuarum
617 2902 643 2951 p.
663 2887 730 2948 252,
748 2888 766 2936 4
783 2897 898 2937 conatur.
936 2883 976 2932 Ad
994 2884 1121 2947 posterius

212 2949 291 2999 haec:
310 2964 344 3014 p.
355 2948 396 3011 ll,
415 2949 668 3018 autumantesque,
685 2969 712 3016 p.
725 2954 767 3013 37,
788 2953 842 3006 let
863 2954 1001 3003 omissum:
1020 2966 1045 3016 p.
1062 2951 1120 3000 142.

212 3015 229 3066 6
255 3025 395 3081 caperentf
421 3033 448 3082 p.
467 3021 532 3079 244,
557 3021 639 3072 19-et
668 3022 821 3072 methodicen.
856 3019 1001 3072 Memmiaui
1025 3018 1121 3068 codicis

213 3085 281 3149 apud
301 3083 457 3150 Stephanum
475 3101 523 3151 ego
543 3103 575 3136 ue
592 3089 729 3153 vestigium
748 3089 849 3151 quidem
865 3090 959 3155 reperi.

280 3151 312 3216 8)
325 3152 444 3203 Pithoeus
460 3153 509 3202 iam
530 3156 556 3204 in
567 3154 711 3206 Subsecivis
731 3158 785 3206 suis
796 3156 896 3207 Octobri
912 3170 1000 3206 mense
1016 3153 1122 3207 a.1564

214 3220 289 3270 editis
299 3221 420 3270 nonnulla
432 3235 446 3269 e
460 3225 568 3272 ‘vetusto
579 3231 603 3272 et
612 3224 705 3289 optimo
718 3224 793 3274 lihro’
803 3225 929 3290 prodidit;
939 3225 1013 3288 plura
1024 3223 1121 3272 Casuu-

215 3287 306 3350 bouus,
317 3290 361 3351 qui
371 3287 508 3339 Pithoeana
518 3301 638 3357 excerpta
650 3307 673 3342 e.
688 3290 754 3344 1594
764 3307 810 3358 per
823 3293 941 3342 lacobum
949 3291 1121 3356 Bongarsium

215 3364 442 3488 accepttepaliarthius
454 3427 587 3491 aliquoties
599 3429 759 3478 vincentium
769 3428 929 3494 Obsopoenm
944 3427 1065 3490 adirmgit
1076 3439 1122 3474 sa·
1151 3407 1156 3414 ’
