2475 3775
434 179 797 240 arvusvnsrlsmaus.
894 209 895 214 ,
987 137 989 140 ¹
1048 173 1111 236 227
1209 173 1211 180 ’

46 359 54 374 ·
120 345 182 397 otus
196 344 259 411 est,
276 343 305 395 ut
319 345 349 395 et
362 331 532 396 industriae
530 344 677 415 expertae
692 355 748 397 nec
763 337 932 398 metuendus
942 309 1006 400 ullo
1022 341 1108 402 modo

120 419 157 480 ob
169 419 360 492 humilitatem
374 420 493 496 generis
508 438 543 480 ao
557 421 691 482 nominis.
735 409 869 482 Additis
860 423 947 500 igitur
958 422 994 484 ad
1006 427 1108 523 copias

13 550 24 582 ι
117 503 234 566 duabus
241 503 416 581 legionibus,
434 511 501 563 octo
517 503 581 581 alis,
600 503 772 567 cohortibus
792 503 908 583 decem,
930 515 1016 606 atque
1035 509 1110 570 iuter

117 589 233 666 legatos
247 589 357 650 maiore
372 587 431 648 lilio
446 597 606 667 assumpto,
623 597 654 648 ut
668 589 788 672 primum
805 592 999 688 provinciam
998 593 1108 670 ιιιιιιι,
1194 626 1201 635 ·

94 673 265 752 aproximas
277 686 397 750 quoque
416 672 559 732 convertit
573 673 604 731 ιιι
615 691 666 750 se,
689 683 823 734 correcta
841 675 939 735 statim
950 682 1108 735 castrorum

116 756 279 857 disciplina,
296 771 413 835 unoque
427 764 457 816 et
471 755 564 816 altero
581 756 697 834 proelio
716 766 773 818 tam
790 766 956 820 constanter
970 759 1058 836 inito,
1072 768 1109 818 ut

114 842 145 899 in
161 839 379 919 oppugnatione
395 839 508 913 castelli
530 839 636 920 lapidis
655 842 744 902 ictum
765 860 858 920 genu,
883 852 966 904 scuto
989 843 1109 953 sagittas

115 923 228 1002 aliquot
239 925 406 1002 exceperit.

177 1008 250 1069 Post
264 1007 413 1069 Neronem
429 1006 619 1087 Galbamque,
636 1007 749 1069 Othone
765 1027 800 1070 ac
815 1010 935 1071 Vitellio
951 1010 988 1070 de
1002 1011 1107 1091 prinoi-
1123 1029 1140 1080 5

78 1100 184 1172 sopatu
200 1090 415 1169 certantibus,
406 1110 434 1152 ur
450 1099 533 1171 spem
547 1093 661 1172 imperii
675 1095 768 1171 veuit,
789 1094 975 1200 iampridem
984 1094 1040 1155 sibi
1055 1113 1109 1174 per

115 1175 190 1237 haec
206 1184 321 1237 ostenta
338 1185 521 1255 conceptam
942 1207 943 1216 .
1116 1222 1127 1234 .

104 1261 109 1272 “
173 1240 218 1322 Ϊιι
222 1259 388 1320 suburbano
403 1258 569 1321 Flauiorum
584 1276 710 1337 quercus
727 1261 851 1338 antiqua,
865 1279 938 1340 quae
951 1241 1013 1338 erat
1023 1261 1108 1324 blarti

111 1361 207 1421 sacra,
224 1362 278 1424 per
293 1353 354 1403 tres
371 1342 535 1422 Vespasiae
547 1351 664 1441 partus,
687 1343 818 1421 singulos
838 1354 961 1424 repente
977 1363 1107 1406 ramosa

112 1429 217 1488 frutice
234 1427 322 1504 dedit,
339 1426 415 1488 haud
429 1427 554 1491 dubia
530 1445 613 1505 ιιιιιιι
629 1427 715 1488 futuri
736 1429 876 1507 cuiusque
896 1429 960 1488 lati:
987 1430 1107 1507 primum

76 1512 221 1572 sterilem
238 1520 268 1572 et
278 1512 340 1572 cito
356 1512 529 1590 arefactum,
546 1511 687 1591 (ideoque
703 1511 800 1591 puella
815 1522 880 1573 nata
894 1529 952 1572 nou
967 1529 1106 1592 perannu-

112 1595 169 1673 vit)
186 1596 342 1656 secundum
358 1596 556 1674 praeualidum
570 1614 605 1656 ac
619 1595 766 1674 prolixum
786 1605 815 1662 et
832 1599 879 1675 qui
893 1597 1026 1674 maguam
1043 1597 1106 1656 leli·

113 1680 230 1740 oitatem
244 1678 444 1757 portenderet,
460 1681 574 1740 tertium
589 1696 662 1739 vero
679 1680 768 1739 instar
785 1678 906 1740 arboris.
944 1675 1040 1756 Quare
1056 1698 1107 1758 pa-

110 1774 185 1825 trem
201 1761 337 1823 Sabinum
350 1764 446 1824 ierunt
447 1763 638 1843 ,haruspicio
652 1764 988 1842 iusuperconlirmatum,
1003 1781 1106 1824 renun-
1124 1796 1127 1801 ·

110 1851 202 1910 tiasso
216 1846 310 1926 matri,
325 1855 462 1928 nepotem
478 1865 512 1908 er
498 1846 676 1909 Gaesarem
691 1849 832 1925 genitum
851 1866 908 1909 uec
928 1847 1005 1909 illam
1027 1849 1105 1927 quic·

72 1950 204 2030 coquam·
219 1930 296 1992 alind
317 1949 401 2012 quam
423 1931 628 2009 cachinnuss'e,
629 1932 832 2009 mirantem,
846 1932 929 2013 quod
951 1931 1054 2006 udhuc
1072 1949 1106 1991 sc

110 2011 221 2078 mentis
236 2021 378 2095 compote
391 2014 568 2078 deliraret
555 2034 618 2076 som
633 2016 718 2095 filius
730 2034 816 2077 suus.

174 2100 263 2178 hlox,
285 2118 348 2161 eum
370 2100 494 2162 aedilem
517 2099 637 2161 eumG.
661 2099 785 2179 Caesar,
809 2117 1000 2162 succensens
1008 2116 1106 2160 curum

110 2185 262 2271 uerrendis
278 2186 333 2245 uiis
350 2202 409 2245 uon
423 2183 588 2285 adhibitam,
607 2185 668 2247 luto
685 2186 819 2246 iussisset
834 2184 960 2284 oppleri
963 2194 1104 2263 congesto

110 2266 166 2350 per
179 2269 310 2330 milites
301 2289 329 2329 m
347 2277 521 2349 praetextae
538 2271 640 2347 sinum,
657 2287 715 2330 nou
729 2264 902 2335 defuerunt
900 2271 947 2349 qui
962 2270 1104 2348 interpre-

70 2362 256 2432 nutarentur,
277 2354 449 2435 quandoque
472 2354 671 2453 proculcatam
686 2354 892 2433 desertamque
900 2372 965 2413 rem
983 2372 1012 2451 p.
1028 2352 1105 2411 civili

111 2438 206 2517 aliqua
222 2437 483 2517 perturbationem
498 2439 659 2499 tutelam'
632 2457 695 2499 erus
710 2458 744 2499 ao
762 2439 884 2499 velutin
900 2438 1039 2521 gremium
1055 2434 1122 2493 de·.

109 2531 268 2582 venturam.
668 2561 671 2565 -

169 2604 331 2666 Prandente
346 2623 383 2665 eo
402 2604 562 2683 quondam,
583 2606 664 2664 cunis
679 2607 821 2666 extr-arius
845 2621 861 2661 e
882 2602 968 2662 trivio
992 2618 1103 2661 manum

107 2688 258 2750 humanam
272 2688 365 2748 intulit
378 2705 554 2765 mensaeque
577 2686 709 2763 subiecit.
734 2687 894 2748 .Caenante
914 2704 1029 2763 rursus,
1048 2686 1103 2747 bos

67 2782 209 2838 aearum
229 2772 354 2832 decusso
373 2774 444 2848 iugo
461 2770 615 2830 triclinium
637 2771 755 2871 irrupit,
782 2788 816 2831 ac
836 2770 943 2847 iugatis
967 2770 1103 2831 ministris

108 2858 192 2955 quasi
207 2864 330 2935 repente
345 2855 480 2919 defessus
495 2854 622 2933 procidit
636 2854 702 2915 ad
693 2872 775 2933 rpsos
791 2852 988 2916 accumbentis
1009 2854 1101 2935 pedes

108 2940 313 3021 cervicemque
335 2938 483 3000 summisit
526 2937 625 2999 Arbor
650 2956 766 3018 quoque
793 2955 950 3023 cupressus
973 2941 1002 3000 in
1020 2957 1102 3022 ιιιο

107 3027 188 3087 avito
203 3026 266 3084 siue
281 3024 341 3085 ulla
355 3044 384 3085 ιι
376 3026 577 3103 tempestatis
587 3022 689 3085 evulsa
700 3024 835 3084 radicitus
847 3033 932 3103 atque
944 3033 1099 3104 prostrata,

106 3110 273 3207 insequeuti
292 3107 339 3169 die
353 3107 473 3169 viridior
489 3126 524 3168 ac
539 3109 648 3168 tirmior
662 3108 831 3169 resurrexit.

64 3211 96 3255 ae
169 3192 241 3254 At
223 3212 253 3254 ιιι
267 3192 378 3254 Achaia
393 3193 555 3268 somniavit,
570 3192 680 3281 initium
695 3192 750 3253 sibi
767 3193 884 3271 suisque
896 3191 1043 3271 felicitatis
1056 3190 1098 3249 lu·

106 3286 217 3355 turum,
236 3277 320 3338 simul
335 3296 371 3339 ac
385 3277 456 3338 deus
470 3276 579 3337 Neroni
601 3267 762 3357 exe'mptus
775 3286 868 3347 esset;
894 3276 1048 3352 evenitque
1070 3280 1100 3330 ut

105 3362 241 3441 sequenti
257 3362 303 3423 die
318 3378 495 3443 progressus
508 3363 543 3421 iu
558 3362 659 3422 atrium
674 3360 803 3423 medicus
823 3360 937 3431 dentem
954 3359 982 3418 ei
1002 3363 1098 3416 osteu-

105 3446 201 3521 dcret,
218 3454 384 3534 tantumque
403 3445 480 3526 quod
494 3456 667 3527 exemptum.
829 3499 894 3590 w.
