2475 3775
128 174 190 237 310
397 183 428 232 c.
450 183 617 233 sumntum
637 181 850 242 namuurum

191 337 269 396 luter
280 335 474 396 Saturnalium
489 344 519 395 et
532 335 771 413 Saturnalioruml
794 337 820 394 si
834 333 934 403 dixero
951 335 1149 397 Saturnaliu-

128 439 190 482 rum
204 429 236 478 ut
248 417 461 496 subselliorum,
476 419 646 480 Saturnaliis
660 419 730 479 iacit
740 429 771 478 ut
784 418 953 487 uulselliiso
964 427 995 477 et
1014 419 1092 480 ideo
1103 421 1147 480 di·
1206 456 1210 471 ·

130 506 219 564 cimus
233 502 440 581 Saturnalium,
457 511 489 564 ut
504 504 596 580 possit
609 502 673 562 lieri
692 501 898 562 Saturnaldsus.
1004 565 1007 570 ,

191 585 270 645 luter
291 585 376 646 alium
398 595 430 646 et
448 585 569 646 alterum
589 584 648 657 hoc
661 587 796 661 interest,
819 585 897 662 quod
912 584 987 644 alter
1002 603 1045 645 ex
1062 586 1140 646 duo

130 663 209 745 bus,
218 667 292 728 alius
307 687 346 728 ex
357 667 456 729 turba>
676 667 696 684 ·’
851 723 853 726 .
1149 693 1161 731 ⁵

191 750 270 811 luter
283 769 409 828 gnavum
427 762 456 812 et
471 751 603 829 gnarum]
623 752 742 827 ignarus
755 758 803 810 est
811 751 935 826 inscius,
948 768 1063 827 gnarus
1082 762 1141 812 tra·

129 834 172 896 lrit
185 835 440 911 significationem
464 835 602 912 [gnavus]
627 833 705 913 quod
725 834 750 894 si
764 836 789 893 is
813 835 861 913 qui
882 833 963 893 celer
980 843 1028 894 est
1045 853 1142 896 navus

130 927 191 994 est,
212 918 261 995 qui
283 919 371 997 piger
383 926 429 976 est
451 917 588 993 ignavum
604 934 712 994 gnarus
729 926 822 977 autem
836 916 939 976 dicitur
953 921 1082 996 sciens,
1103 938 1142 979 ex

132 1001 276 1061 contrario
295 1000 461 1076 colligimus
472 1002 603 1075 ignarum
617 1018 688 1059 esso
703 1001 882 1060 inscientem.
991 1011 994 1016 '

193 1081 308 1157 Cornu,
330 1099 467 1158 coruum,
489 1096 597 1142 cornus
612 1082 680 1162 quid
695 1083 837 1144 dilieruut.
871 1081 998 1143 Cornum
1017 1102 1139 1163 pomum
1149 1109 1169 1148 ιι
1214 1115 1215 1160 ι

130 1164 289 1240 siguificat,
303 1163 374 1226 iacit
388 1167 464 1225 euim
481 1183 584 1234 corna;
603 1183 693 1225 corun
706 1167 794 1226 telum
808 1167 970 1249 significat,
991 1175 1142 1246 tamquam

130 1264 224 1325 genu,
245 1246 316 1306 lacit
330 1249 412 1308 enim·
424 1265 532 1309 cornua
553 1258 697 1327 tamquam
713 1265 822 1326 genum
854 1265 959 1310 comus
974 1259 1074 1310 autern
1097 1260 1142 1310 est

130 1329 227 1394 arbor.
437 1337 440 1340 ’
818 1355 822 1360 ·
858 1379 861 1393 ,

191 1418 268 1472 luter
296 1413 344 1475 lac
372 1415 431 1494 lact
451 1423 481 1474 et
508 1415 601 1493 lucto]
625 1415 673 1476 lac
694 1423 724 1473 et
747 1414 808 1474 lact
825 1432 882 1475 uon
900 1424 983 1475 recte
1003 1416 1140 1493 dicimus,

130 1497 321 1573 quianullum
340 1515 447 1558 nomen
464 1499 493 1556 in
511 1516 528 1556 c
545 1499 642 1558 littera
656 1498 777 1574 desiuit,
803 1499 854 1576 [ita
868 1511 923 1558 uec
944 1499 999 1558 duc
1013 1517 1073 1560 uec
1089 1501 1169 1560 iacis

129 1587 241 1638 rentum
256 1589 372 1641 estnec
387 1580 463 1658 lac;]
481 1581 633 1660 uec(lact)
648 1583 677 1640 in
691 1591 702 1640 t
716 1582 810 1641 littera
823 1582 940 1660 aliquod
952 1599 1061 1642 numen
1075 1584 1139 1642 lini·

129 1670 190 1730 tur;
205 1663 375 1741 ergo-quod
389 1674 540 1742 superest,
556 1665 676 1724 dicimus
692 1663 780 1724 lacte.
1012 1735 1016 1742 Ι

194 1742 254 1804 Cor
274 1762 311 1804 au
328 1747 409 1826 cors]
433 1745 532 1807 Omnia
550 1766 623 1826 quae
639 1748 817 1809 consuetudo
834 1749 938 1809 vitiosa
952 1748 1044 1824 iecit,
1065 1751 1138 1808 nnti-

131 1829 226 1906 qaitus
241 1828 414 1890 emendavit.
444 1828 503 1891 Gor
518 1831 697 1891 assuevimus
711 1831 828 1900 dicere;
850 1839 981 1896 aureole
995 1830 1137 1909 dicamus,

131 1930 169 1972 ex
186 1916 341 1991 conposito
360 1913 556 1991 intellegimus
579 1923 608 1975 ct
629 1914 674 1974 his
696 1932 771 1994 quae
792 1918 892 1976 mutari
907 1934 965 1976 uun
979 1924 1167 1993 ¹poteruntne

130 1994 250 2065 dicimus
271 1998 347 2056 euim
370 2015 478 2057 excors
497 2006 528 2057 et
547 2014 672 2075 vecors,
694 2016 751 2058 nou
775 2016 865 2058 exoor
889 2008 918 2059 et
939 2013 1048 2067 vecor;
1068 2008 1099 2059 ei
1113 2001 1138 2059 si

131 2087 211 2136 esset
225 2095 287 2155 cor,
304 2081 381 2139 coris
395 2080 516 2140 laceret.
532 2081 617 2141 Nunc
626 2100 692 2142 cum
704 2099 757 2141 cor
769 2082 869 2142 cordis
880 2080 1138 2159 iaciat·,·e'xistimo
1214 2082 1215 2151 Ῠ

129 2160 169 2218 itu
208 2161 370 2221 ossedici.·
1214 2182 1215 2195 ¹

161 2179 289 2301 ‘linem
314 2260 353 2302 an
368 2247 492 2323 rursus]
524 2248 550 2306 si
569 2264 669 2307 rursus
694 2250 796 2307 iterum
812 2250 970 2327 significat,
995 2248 1136 2309 debemus

130 2341 230 2384 rursus
244 2324 288 2383 si'c
303 2326 433 2387 scribere
448 2337 590 2407 tamquam
604 2330 707 2389 iterum
722 2348 776 2409 per
791 2350 806 2389 r
827 2332 965 2402 litteram
986 2350 1056 2400 uon,
1065 2334 1165 2395 dici-rr
1214 2362 1215 2421 q

101 2461 104 2469 .
129 2425 191 2468 mus
206 2409 288 2467 euim
306 2410 409 2487 iteum,
432 2419 461 2470 et
481 2412 601 2471 dicimus
626 2418 769 2491 tamquam
789 2423 926 2493 quorsum
948 2426 976 2477 et
991 2433 1133 2493 seorsum,
1214 2428 1215 2459 ³

129 2508 325 2569 nonquosum
340 2503 510 2555 etseosum.
986 2522 990 2529 ·

193 2575 330 2637 ΤιίΙιιιιιεΙ
353 2596 389 2639 au
413 2578 608 2644 tribunaleet
634 2581 737 2641 animal
759 2600 794 2642 au
815 2582 954 2659 animale]
981 2583 1135 2642 Procellus

130 2659 185 2716 ait:
222 2660 306 2721 cael
320 2662 425 2723 littera
436 2663 584 2741 ficiuntur
600 2663 634 2723 in
648 2664 868 2741 declinatione,
889 2666 1050 2745 quesissent
1060 2683 1133 2725 curs·

130 2674 353 2820 deuslitterum,
370 2752 525 2825 tamquam
534 2747 594 2806 mel
604 2745 905 2827 mellisetfelfellis,
922 2748 1062 2827 fucitlta
1079 2750 1133 2810 tri·
1143 2760 1165 2801 ³⁰

130 2819 226 2881 hunul
241 2826 419 2889 diducollr's
433 2836 463 2889 ct
478 2830 596 2890 animet
610 2830 778 2891 uuimalls'a.
809 2832 868 2891 Sed
881 2834 997 2907 erravit,
1012 2834 1135 2911 primum

131 2902 409 2997 quiunmonosyllaba
423 2914 453 2971 in
467 2913 604 2991 exemplo
626 2916 737 2992 posuit,
758 2912 861 2975 deinde
876 2917 1035 2995 quaquiarc
1051 2916 1061 2975 l
1076 2933 1134 2975 uon

130 2996 258 3060 geminat
272 3007 327 3049 uec
339 2995 410 3070 vigil
424 3013 481 3055 nec
495 2996 586 3073 pugil.
638 2993 690 3057 Ita.
701 2997 820 3059 dicimus
833 2998 890 3057 hoc
904 2998 1049 3057 tribunale
1066 3009 1133 3059 tam·

132 3070 396 3145 quamagileiaclle
410 3077 518 3154 docile,
530 3079 623 3156 agilia
633 3079 734 3139 'lucilia
747 3079 854 3140 docilia·
869 3080 1031 3143 tribunalia.
1047 3084 1132 3157 Quae
1202 3074 1205 3083 ’

131 3148 159 3206 ἰιι
174 3150 203 3207 iu
217 3152 322 3229 plurali
341 3174 458 3219 numero
473 3162 616 3239 liniuntur,
631 3159 668 3239 ea
683 3180 746 3221 cnm
761 3163 797 3223 ad
813 3164 990 3240 singularem
1006 3168 1162 3241 veniuntur

130 3230 254 3295 elittera
268 3241 460 3300 terminantur.
528 3273 530 3280 ·
567 3286 571 3289 -
619 3279 623 3285 -
951 3280 954 3285 -

151 3393 157 3405 ¹
193 3313 326 3381 Cervical
346 3338 382 3380 an
401 3326 559 3404 cervicale]
582 3346 639 3393 nec
661 3330 790 3395 cervical
813 3348 869 3390 nec
888 3330 1036 3391 cervicale
1049 3338 1131 3393 recle

130 3390 246 3466 diuitum
264 3410 310 3461 est
327 3401 567 3500 ouimrssepitlretou
581 3418 715 3487 elgerus
731 3409 766 3473 alt
788 3430 824 3471 eo
846 3414 925 3493 quod
939 3416 1069 3475 accessit
1083 3428 1130 3475 ao·
1214 3436 1215 3439 ¹

23 3661 167 3717 —k
