2475 3775
480 157 585 208 DIVUS
607 158 735 216 mutus,
1065 149 1105 208 27

111 323 174 393 tus,
194 313 356 395 supplicem
374 313 410 374 ad
430 332 463 374 se
482 315 604 394 recepit.
639 313 834 379 Alexandriae
851 316 933 390 ¹circu
956 327 1149 395 oppugna-64

111 400 330 480 tionempontis
342 399 496 476 eruptione
505 398 630 458 hostium
644 397 738 458 subita
750 398 906 477 conpulsus
920 401 949 458 in
959 398 1106 478 scapham,

111 483 242 566 pluribus
269 481 373 542 eodem
398 481 668 562 praecipitantibus,
699 498 763 542 corn
787 481 934 542 desilisset
960 484 990 542 in
1017 500 1107 557 mare,
1136 478 1139 482 ’

111 566 206 628 nando
222 584 276 647 per
291 566 432 626 ducentos
448 583 551 645 passus
564 567 657 627 evasit
671 565 708 626 ad
724 568 882 645 proximum
895 582 1014 643 navem,
1032 565 1108 625 elata

88 652 213 728 slaeva,
235 668 272 711 ne
298 648 390 710 libelli
417 667 491 731 quos
518 649 642 723 tenebat
655 641 859 727 ma'deiierent,
879 648 1109 730 paludamentum

111 734 258 796 mordicus
273 733 405 811 trahens,
422 752 458 794 ne
474 734 571 815 spolio
587 743 737 814 poteretur
751 733 854 794 bostis.
970 756 974 762 ·
1040 788 1045 805 Ι

104 859 108 866 „
172 818 292 880 Militem
312 835 405 896 neque
425 837 442 878 a
463 817 591 878 moribus
614 836 708 898 neque
730 836 747 879 a
766 817 860 878 iorrna
876 815 1034 896 probabat,
1055 814 1149 876 sedite

111 911 247 965 tantuma
264 900 384 978 viribus,
401 902 598 982 tractabatque
614 904 677 981 pari
687 904 845 963 severitate
856 910 942 981 atque
958 898 1107 977 indulgen·

111 989 162 1049 tia.
193 985 260 1047 Non
276 987 351 1045 enirn
365 984 471 1065 ubique
487 1004 522 1046 ae
537 1004 668 1066 semper,
680 984 733 1047 sed
748 1003 811 1046 cnm
822 985 915 1046 bostis
930 986 959 1045 in
973 982 1109 1064 proximo

75 1079 210 1148 receset,
230 1069 400 1130 coercebat:
422 1079 479 1130 turn
496 1071 616 1131 maxime
636 1079 758 1130 exactor
774 1071 962 1148 gravissimus
980 1066 1107 1146 discipli·

111 1173 185 1233 nae,
200 1163 231 1214 ut
245 1171 341 1235 neque
354 1155 466 1214 itineris
481 1172 575 1233 neque
592 1155 698 1234 proelii
712 1163 826 1233 tempus
844 1152 1040 1229 denuntiaret,
1055 1149 1108 1210 sed

110 1248 242 1321 paratum
257 1247 286 1298 et
297 1241 434 1298 intentum
447 1238 598 1298 momentis
613 1237 744 1298 omnibus
757 1255 815 1317 quo
831 1238 922 1298 vellet
932 1236 1029 1296 subito
1040 1231 1107 1295 edu·

113 1330 206 1384 oeret.
236 1322 321 1398 Quod
336 1325 421 1382 etiarn
435 1324 498 1384 sine
513 1340 599 1382 causa
609 1323 779 1402 plerumque
792 1321 934 1398 iaciebat,
950 1322 1108 1400 praecipue

112 1405 219 1488 pluuiis
235 1415 265 1466 et
279 1407 361 1466 iestis
378 1405 488 1466 diebus.
525 1406 571 1466 Ac
585 1405 722 1484 subinde,
739 1404 948 1467 observandum
962 1423 996 1464 se
1012 1403 1107 1464 admo·

76 1507 203 1568 rsnens,
223 1499 344 1569 repente
359 1489 482 1551 interdiu
501 1491 549 1551 vel
566 1498 656 1550 nocte
675 1508 709 1550 se
724 1488 909 1550 subtrahebat
925 1487 1107 1565 augebatque

112 1576 188 1652 iter,
209 1582 239 1633 ut
259 1576 352 1634 serius
374 1573 576 1654 subsequentis
602 1567 786 1652 defetigaret.
816 1573 904 1634 Fama
924 1589 996 1632 vero
1017 1570 1173 1632 nosnos

112 1659 182 1719 lium
199 1659 346 1737 copiarum
360 1661 532 1738 perterritos
548 1676 606 1718 non
620 1657 754 1736 negando
769 1657 977 1734 minuendove,
999 1655 1052 1716 sed
1066 1656 1107 1714 in·

112 1759 203 1822 snper
218 1741 418 1819 amplificando
435 1742 676 1820 ementiendoque
692 1741 890 1802 confirmabat.
927 1740 1028 1819 ltaque
1045 1755 1108 1798 cnm

113 1827 281 1906 expectatio
297 1824 436 1886 adventus
447 1825 535 1886 lubae
546 1826 684 1896 terribilis
695 1831 788 1902 esset,
805 1826 974 1884 convocatis
989 1823 1025 1883 ad
1040 1839 1107 1882 con·

75 1930 104 1972 ao
113 1912 222 1970 tionem
237 1910 374 1971 militibus
388 1910 522 1987 Scitote,
540 1912 647 1989 inquit,
661 1908 859 1987 paucioribus
873 1908 921 1982 bis
936 1906 1044 1967 diebos
1058 1922 1106 1965 rc·

109 2011 180 2075 pent
200 1992 379 2073 adfuturum
399 2013 467 2056 mam
487 1994 590 2056 decem
610 1992 797 2073 leqioor'bot,
819 1991 950 2072 equitum
967 1989 1107 2070 triptota,

112 2076 382 2141 murmurares
393 2084 508 2140 centum
517 2078 657 2155 mitibus,
670 2076 839 2155 elephantis
852 2074 1003 2137 trecentis.
1030 2072 1106 2133 Pro·

110 2161 186 2225 inde
208 2161 350 2224 desinont
369 2162 492 2243 quidum
514 2180 665 2243 quaerere
683 2162 769 2223 ultro
789 2167 844 2222 ortt
857 2158 997 2238 opinari,
1019 2155 1106 2217 nubi·

112 2263 189 2327 que,
204 2244 258 2326 qui
270 2253 454 2325 compertum
469 2245 584 2324 babeo,
598 2244 819 2318 credont;·oot
830 2243 951 2325 quidem
966 2241 1106 2303 uetustio-

75 2350 103 2392 re
113 2330 195 2391 rimu
207 2346 289 2391 naue
301 2330 462 2409 irnpoaitoa
476 2349 664 2413 quocumque
677 2336 766 2392 cento
779 2330 813 2391 ιἰι
826 2345 1032 2411 quoscumque
1045 2333 1106 2387 ter·

111 2430 171 2475 roa
188 2412 298 2475 ardebo
314 2414 412 2475 coeti.
498 2479 501 2485 ,

176 2496 290 2559 Delicta
310 2517 404 2578 neque
425 2498 599 2560 observabat
623 2500 717 2560 omnia
736 2515 831 2576 neque
851 2514 905 2575 pro
920 2492 1007 2554 modo
1022 2498 1149 2552 exseot

113 2580 269 2661 quebatnr,
290 2583 343 2643 sed
366 2580 547 2643 desertorum
565 2600 600 2643 ao
624 2584 828 2643 seditiosorum
852 2588 883 2638 et
906 2578 1059 2655 inquisitor
1079 2582 1108 2633 et

112 2666 232 2745 punitor
253 2668 426 2745 acerrimus,
448 2663 602 2725 conivebat
621 2666 651 2725 in
674 2666 791 2725 ceteris.
833 2661 880 2721 Ac
899 2674 1108 2738 nonnumquam

75 2754 183 2829 aopost
201 2766 332 2826 magnam
351 2767 476 2830 pugnam
499 2757 584 2827 atque
604 2750 772 2824 victoriam,
795 2746 919 2805 remisso
946 2743 1109 2820 ciliciorum

112 2850 248 2911 munere,
277 2832 421 2893 licentiam
447 2849 559 2893 omnem
585 2832 692 2911 passim
717 2828 886 2892 lasciuiendi
915 2826 1108 2909 permittebat,

112 2918 224 2977 iactare
248 2915 367 2994 solitus,
392 2916 502 2977 militer
524 2932 599 2977 roco
623 2914 715 2976 etiam
736 2920 938 2992 unquentotoa
958 2911 1033 2973 berre
1048 2917 1105 2989 pc'·

110 3016 212 3080 poure
223 3017 326 3079 posse.
370 3000 434 3061 Nec
455 3000 560 3060 milites
577 3017 630 3059 eos
644 3016 699 3079 pro
715 2999 870 3075 contione,
889 2997 942 3057 sed
956 2995 1107 3057 blandiore
1152 3024 1161 3029 -

111 3084 229 3144 nomine
248 3084 521 3144 commilitones
538 3082 718 3165 appellabat,
737 3080 919 3160 habebatque
939 3090 996 3141 tam
1013 3079 1107 3139 cultos

77 3181 103 3225 ιι
112 3177 145 3227 ut
156 3177 280 3245 argento
296 3177 326 3229 et
340 3186 410 3229 auro
425 3168 523 3247 politis
538 3168 624 3227 armis
638 3174 770 3242 ornaret,
785 3165 868 3225 simul
883 3164 962 3225 etad
978 3165 1107 3242 speciem

111 3260 144 3313 et
163 3269 221 3330 qno
242 3252 407 3313 tenaciores
427 3269 527 3311 eorum
545 3251 574 3310 in
588 3250 702 3329 proelio
718 3257 816 3310 essent
832 3258 909 3309 metu
923 3243 1025 3310 damni.
1059 3246 1107 3304 ot-

80 3356 87 3374 ‘
111 3334 227 3413 ligebat
242 3353 357 3415 qnoque
373 3335 563 3414 usqueadeo,
578 3342 609 3393 ut
623 3332 717 3396 andita
733 3332 816 3395 clade
831 3333 974 3393 Tituriana
990 3328 1108 3388 barbam

111 3419 308 3499 capillumque
322 3420 494 3485 summiserit
506 3436 562 3479 nec
577 3426 642 3479 ante
656 3417 814 3498 dempserit
828 3433 912 3496 quam
922 3412 1106 3473 vindicasset.
