2475 3775
258 555 338 653 o.
367 464 602 636 sonnoru
626 503 978 640 inamoenum
1066 488 1070 495 ’
1210 449 1219 590 ζ

145 726 266 828 on
317 721 546 856 ΠΜ
595 715 1110 837 onesinum

290 920 293 924 ’
488 919 761 986 crunnum.
939 939 1000 954 -·

196 1095 340 1181 ntvtts
365 1091 701 1205 vmrnstnuus.
752 1053 896 1168 omos
914 1089 1061 1208 mnus
1217 1171 1219 1204 ἵ

469 1210 779 1286 pomoranus.
1217 1211 1219 1268 1

535 1405 723 1418 W

413 1545 544 1600 ottus
566 1542 832 1600 VESPASIANUS.

106 1718 120 1769 1
191 1702 365 1770 Rebellione
379 1703 462 1763 trium
479 1700 641 1780 principum
657 1708 686 1761 et
702 1699 791 1761 caede
804 1701 946 1760 incertum
957 1699 1003 1760 diu
1014 1707 1042 1758 et
1054 1717 1125 1778 qua·

133 1789 158 1850 si
178 1807 283 1866 vagam
307 1787 458 1866 imperium
487 1786 617 1866 suscepit
635 1786 817 1864 firmavitque
836 1785 950 1845 tandem
966 1801 1040 1862 gens
1058 1783 1125 1844 Fla·
1218 1847 1219 1871 χ

21 1917 22 1920 ,
133 1875 196 1951 via,
218 1870 342 1933 obseura
355 1871 405 1932 ilfa
422 1869 537 1951 quidem
551 1889 586 1931 ac
610 1871 673 1931 siue
694 1869 761 1929 uilis
783 1870 923 1930 maiorum
942 1868 1125 1947 imaginibus,

133 1957 186 2018 sed
199 1966 294 2017 tamen
307 1957 351 2016 rei
362 1974 391 2035 p.
408 1973 589 2035 nequaquam
601 1951 788 2034 paenitenda;
810 1962 924 2013 constet
935 1953 1013 2030 licet,
1029 1952 1125 2014 Domi·

132 2044 238 2102 tianum
257 2039 419 2119 cupiditatis
432 2058 468 2099 ac
482 2040 622 2100 saevitiae
639 2041 742 2098 merito
758 2054 871 2118 poenas
885 2036 985 2097 luisse.
1136 2048 1147 2087 ⁵
1217 2092 1218 2099 ,

196 2124 230 2183 Τ.
248 2123 366 2184 Flavius
380 2123 483 2201 Petro,
502 2123 654 2201 municeps
670 2122 822 2200 Reatinus,
846 2120 1022 2199 ltello‚‚civifi
1044 2121 1125 2181 Pom·

133 2207 300 2286 peienarum
315 2206 437 2283 partium
456 2207 586 2267 centurio
605 2224 641 2265 an
659 2215 817 2282 evocatus,
840 2206 971 2284 profugit
987 2224 1026 2264 ex
1041 2204 1125 2265 Phar·

132 2290 223 2351 salica
238 2289 301 2349 acie
316 2288 488 2367 domumque
504 2308 537 2348 se
557 2288 693 2365 contulit,
715 2288 763 2349 ubi
786 2289 889 2349 deinde
910 2289 994 2349 venia
1017 2297 1046 2349 et
1061 2290 1126 2348 mis·

133 2376 216 2437 sione
242 2374 395 2450 impetrata
424 2374 594 2432 coactiones
623 2374 803 2450 argentarias
832 2373 983 2435 factitavit.
1038 2372 1127 2433 Huius

133 2460 220 2536 iilius,
236 2456 411 2534 cognomine
426 2456 565 2533 Sabinus,
583 2473 692 2536 expers
708 2455 825 2518 militiae
847 2459 919 2537 (etsi
933 2456 1048 2535 quidam
1064 2476 1127 2517 eum
1137 2472 1158 2513 no

62 2543 64 2547 ’
133 2541 355 2623 primipilarem,
372 2540 517 2617 nonnulli,
533 2558 597 2600 cum
615 2539 709 2601 adhuc
731 2541 847 2601 ordines
869 2540 1004 2618 duceret,
1031 2544 1126 2602 sucra'·
1215 2530 1216 2557 ³

132 2636 230 2687 mento
245 2625 370 2685 solutum
387 2642 569 2703 percensum
580 2623 744 2685 valitudinis
757 2624 886 2702 tradunt)
899 2624 1045 2703 pubiicum
1059 2643 1126 2704 qna·
1214 2674 1215 2681 ,

134 2710 316 2787 dragesimae
330 2710 359 2769 in
375 2708 537 2786 Asiassegim
552 2708 764 2787 manebantque
778 2710 918 2787 imagines
936 2727 952 2768 a
966 2709 1129 2769 civitatibus

133 2795 160 2851 ei
173 2795 287 2870 positae
303 2792 355 2852 sub
371 2792 429 2852 hoc
443 2791 540 2853 titulo:
557 2788 676 2864 Καλῶς
692 2785 926 2871 refectionum.
944 2793 1050 2853 Postea
1065 2793 1126 2854 fae·

132 2892 187 2934 nus
204 2875 281 2954 apud
293 2876 445 2937 Helvetios
460 2877 592 2936 exercuit
607 2875 706 2955 ibique
721 2876 796 2937 diem
817 2876 903 2955 obiit,
920 2877 1126 2957 superstitibus
1137 2894 1159 2933 ru
1213 2916 1214 2927 r

132 2974 225 3017 uxore
241 2958 387 3036 Vespasia
402 2960 485 3024 Polla
500 2970 530 3020 et
543 2959 656 3020 duobus
673 2979 712 3019 ex
726 2979 760 3020 ea
771 2960 882 3037 liberis,
900 2978 1021 3040 quorum
1035 2964 1128 3021 maior
1213 2930 1214 3016 f

110 3094 114 3100 .
132 3041 257 3102 Sabinus
272 3041 309 3100 ad
329 3044 542 3121 praefecturam
556 3044 652 3122 urbis,
672 3046 765 3104 minor
781 3047 976 3125 Vespasianus
998 3044 1035 3106 a'd
1050 3047 1127 3125 prin·

134 3128 257 3205 cipetum
269 3141 360 3204 nsque
372 3129 526 3211 processit.
550 3128 643 3203 Polla,
656 3128 780 3188 Nursiae
792 3128 914 3189 honesto
926 3148 1038 3207 genere
1052 3138 1126 3203 orta,

133 3220 244 3291 patrem
264 3207 362 3270 fiabuit
382 3211 555 3289 Vespasium
576 3211 755 3287 Pollionem,
780 3223 825 3273 ter
844 3211 985 3271 tribunum
1006 3212 1128 3272 militnm

134 3295 371 3373 praefectumque
385 3303 558 3372 castrorum,
582 3296 700 3355 fratrem
720 3305 882 3357 senatorem
902 3298 1069 3374 praetoriae
1086 3295 1161 3357 di-uo

132 3380 258 3453 gnitatis.
290 3377 383 3438 Locus
400 3378 484 3437 etiam
508 3377 544 3437 ad
565 3388 678 3439 sertum
698 3378 847 3441 miliarium
867 3380 1001 3441 aNnrsia
1019 3380 1128 3471 Spolef
1211 3388 1212 3477 f
