2475 3775
290 199 294 204 .
453 158 753 210 orvusonsonrus
1031 126 1111 216 Ι161

118 317 240 393 ademit,
253 313 375 378 Rhodiis
387 315 425 376 ob
438 317 641 395 paenitentiam
655 325 785 379 veterum
798 317 968 382 delictorum
981 319 1131 398 reddidit„

90 379 287 479 (Iliensibus,
305 400 387 480 quasi
397 401 547 481 ‘Romanae
562 402 659 478 gentis
674 403 858 480 auctoribus,
879 403 984 465 tributa
1004 406 1033 464 in
1048 393 1136 484 pers

3 494 5 499 ’
119 495 235 566 potuum
243 487 370 562 remisit,
385 486 507 546 recitata
521 495 622 545 vetere
633 487 757 565 epistula
771 487 883 550 Graeca
895 497 1011 549 senatus
1023 506 1114 568 popu·

118 571 198 659 lique
211 570 248 631 ll.
261 568 388 630 Seleuco
402 571 468 648 regi
483 570 634 630 amicitiam
647 566 678 630 e't
687 567 860 634 societatem
873 574 913 633 ita
925 573 1037 633 demum
1053 572 1115 650 pol·
1153 579 1160 594 ·

93 654 250 732 tlicentis,
269 654 294 714 si
318 655 554 732 consanguineos
572 658 642 714 suos
661 654 784 718 Ilienses
807 657 842 718 ab
853 656 946 718 omui·
960 659 1051 716 onere
1067 657 1115 714 im-

111 728 461 816 ,mpnesmpraestitissetl
472 737 597 799 ludaeos
621 739 779 818 impulsore
795 740 919 802 Chresto
942 739 1058 802 assidue
1074 748 1115 798 tu·

118 823 283 883 multuantis
302 823 395 884 lloma
415 821 534 902 expulit:
556 822 763 886 Germanorum
786 821 943 902 legatis'in
965 822 1117 910 orchestra

119 906 227 967 sedere
253 907 397 984 permisit,
427 907 611 985 simplicitate
639 908 745 981 eorum
760 919 806 969 et
819 909 924 970 fiducia
948 916 1116 984 commotus,

120 989 200 1069 quod
217 991 246 1049 in
262 990 415 1070 popularia
429 990 560 1069 deducti,
581 1001 645 1052 cum
662 992 931 1056 animadvertissent
945 991 1069 1053 Parthos
1089 999 1119 1050 et

85 1083 112 1126 1⁰
120 1075 276 1134 Armenios
290 1074 419 1136 sedentis
434 1074 463 1134 in
479 1074 597 1154 senatu,
617 1076 654 1137 ad
670 1077 771 1151 'eadem
791 1077 857 1138 loca
872 1073 977 1156 sponte
995 1077 1117 1136 transie-

119 1166 199 1235 rant,
215 1157 306 1219 nihilo
321 1157 495 1220 deteriorem
515 1161 648 1220 virtutem
664 1170 710 1222 aut
731 1161 925 1224 conditionem
940 1176 1019 1221 suam
1034 1175 1118 1240 prae·

121 1242 260 1302 dicantes.
283 1242 644 1320 Dryidarmnreligionem
659 1246 736 1324 apud
752 1245 850 1307 Gallos
868 1245 947 1307 dirae
963 1243 1118 1328 immanita·

120 1327 174 1403 tis,
193 1334 222 1386 et
236 1328 344 1387 tantuin
359 1328 475 1388 civibus«
488 1327 541 1387 sub
556 1328 690 1407 Augusto
706 1327 900 1407 interdictam,
917 1331 1032 1410 penitus
1050 1321 1118 1386 abo·

120 1410 207 1479 lerit;
235 1419 336 1472 contra
356 1419 441 1473 sacra
454 1410 603 1474 Eleusinia
623 1415 708 1474 etiam
723 1413 881 1480 transferre
897 1429 935 1472 ex
951 1412 1047 1472 Attica
1060 1410 1118 1471 lio·
1192 1487 1195 1492 Ι

86 1502 195 1555 limam
211 1504 333 1554 conatus
357 1505 417 1573 est,
440 1497 638 1576 templumque
658 1491 688 1556 iu
708 1497 806 1558 Sicilia
828 1496 954 1564 Veneris
975 1494 1120 1570 Erycinae

76 1596 80 1602 ·
120 1586 266 1638 vetustate
283 1579 493 1659 conlapsamut
508 1596 547 1641 en
560 1583 674 1642 aerario
687 1595 758 1662 pop:
769 1583 804 1642 R.
816 1581 1002 1658 reficeretur,
1020 1585 1120 1639 auctor

121 1663 183 1724 tuit.
207 1661 278 1722 (lum
292 1663 413 1741 regibus
422 1663 533 1725 ‘foedus
547 1666 576 1725 in
587 1663 662 1725 'foro
683 1667 734 1726 icit
753 1684 843 1744 porca
858 1683 944 1726 caesa
968 1681 1003 1725 ac
1018 1671 1120 1722 vetere
1180 1667 1183 1672 ’

121 1747 263 1808 fetialium
279 1749 462 1827 praelatione
475 1748 619 1814 adhibita.
642 1749 711 1810 Sed'
725 1749 842 1810 ethaeo
857 1756 887 1809 et
901 1758 1003 1816 cetera¹
1016 1755 1119 1806 totum·

123 1849 179 1912 (pre
192 1830 267 1891 adeo
279 1841 524 1911 expartemagna
540 1835 730 1913 principatum
742 1849 799 1895 uon
811 1842 867 1895 tam
882 1849 934 1893 suo
952 1848 1036 1911 quam
1048 1845 1120 1889 uxo·

87 1929 186 1975 corum
204 1914 432 1995 libertorumque
460 1916 577 1977 arbitrio
600 1917 831 1994 administravit,
844 1913 910 1977 talis
931 1915 1038 1993 ultique
1059 1912 1121 1993 ple·

121 2018 255 2078 rumque,
272 2000 387 2077 qualem
402 2018 469 2061 esse
484 2019 549 2061 eum
563 2011 610 2062 aut
625 2002 779 2082 expediret
793 2002 851 2061 illis
868 2008 915 2061 aut
929 2000 1044 2063 liberet.
1095 2072 1097 2078 Α

184 2084 315 2163 Sponsas
343 2084 493 2153 admodum
520 2084 703 2156 adulescens¹
721 2086 790 2147 duas
804 2082 944 2146 dabuita
970 2080 1121 2145 Aemiliam
1131 2083 1165 2141 26
1235 2126 1236 2129 ,

122 2167 258 2247 lepidam
276 2166 400 2246 Augusti
421 2179 594 2249 proneptem
612 2217 621 2249 ,
642 2173 710 2231 item
731 2170 840 2231 Liviam
853 2162 1054 2243 Medullinum,
1077 2166 1123 2225 cui

124 2260 154 2311 et
169 2268 334 2329 cognomen
352 2252 489 2315 Camillae
508 2261 585 2332 erat,
604 2274 621 2323 e
640 2272 750 2333 genere
768 2256 883 2334 antiquo
904 2252 1052 2314 dictatoris
1069 2244 1122 2334 Ca·

87 2335 204 2395 camilli.
248 2336 395 2416 Priorem,
421 2337 498 2417 quod
519 2348 659 2418 parentes
678 2341 739 2399 eius
755 2336 916 2417 Aug'ustum
933 2336 1124 2411 offenderant,

122 2418 266 2497 virginem
288 2419 380 2482 adhuc
399 2423 575 2502 repudiavit,
595 2426 790 2503 posteriorem
813 2426 886 2503 ipso¹
900 2422 966 2499 die,
984 2422 1039 2499 'qui
1063 2425 1126 2476 erat
1235 2458 1236 2465 κ

123 2504 231 2583 nuptiis
246 2503 420 2582 destinatus,
437 2525 477 2566 ex
493 2507 649 2567 valitudine
667 2510 769 2569 aurisii.
791 2508 909 2568 Uxores
926 2502 1029 2565 deinde
1046 2500 1126 2575 duxit

124 2587 264 2648 Plautiam
285 2590 495 2667 Urgulanillam
514 2592 691 2670 triumphali,
716 2602 746 2651 et
767 2608 835 2651 mox
851 2589 964 2651 Aeliam
980 2585 1126 2668 lfaetirram

57 2704 62 2711 -
127 2672 273 2731 consulari
289 2672 478 2751 patre.·‚Gunr
492 2672 613 2751 utraque
629 2674 782 2734 divortium
795 2674 882 2748 fecit,
905 2670 957 2731 sed
974 2687 1037 2732 cum
1054 2668 1125 2729 Pae-

88 2755 185 2815 mona
199 2773 238 2815 ex
250 2755 363 2817 levibus
377 2757 511 2833 offensis,
522 2759 593 2815 ‘cum
607 2757 790 2835 Urgulanilla
806 2756 844 2815 ob
858 2755 1004 2816 libidinum
1018 2752 1126 2833 probra

126 2845 156 2899 el
183 2838 329 2900 homicidii
354 2835 555 2919 suspitionem.¹
582 2836 660 2901 Post
674 2842 734 2917 'has
759 2840 905 2902 Valeriam
931 2838 1125 2913 Messalinam,

124 2922 244 2983 Barbati
257 2922 402 2984 llessalae
424 2923 591 2985 consobrini
613 2925 657 2985 sui
678 2926 782 3003 liliam,
806 2926 835 2985 in
850 2925 1057 2986 matrimonium
1079 2938 1125 2984 ao·
1235 2950 1236 2953 ¹

128 3008 217 3086 cepit.
255 3007 346 3083 Quam
370 3025 433 3068 curn
455 3010 648 3089 comperisset
669 3028 769 3088 super
782 3018 881 3071 cetera
908 3008 1021 3087 flagitia
1039 3016 1126 3085 atque

117 3090 276 3152 'dedecora
294 3089 328 3151 G.
345 3092 417 3153 Silio
434 3092 519 3154 etiarn
538 3096 674 3173 nupsisse
691 3092 759 3155 dote
776 3096 852 3154 inter
873 3095 1007 3173 auspices
1032 3090 1126 3151 consi·

90 3184 231 3253 cognato,
253 3175 398 3260 supplicio
420 3176 527 3238 adiecit
550 3179 787 3259 confirmauitque
813 3196 868 3258 pro
893 3179 1028 3239 contione
1051 3170 1127 3252 apud

128 3262 341 3338 praetorianos,
353 3262 505 3342 quotenos
516 3261 785 3325 sibimotriroooio
794 3262 876 3323 mole
889 3262 1040 3333 cederent,
1052 3274 1125 3335 pcr-

127 3360 309 3405 mossarum
322 3362 356 3406 se
371 3347 403 3407 io
419 3343 591 3425 coelibatu,
608 3364 648 3408 oc
662 3347 724 3407 misi
737 3347 976 3426 permansisset,
1001 3357 1063 3401 com
1077 3356 1125 3399 re·

8 3468 20 3485 .
129 3434 310 3489 coactorum
331 3430 459 3509 confodi
475 3430 619 3520 morsibus
640 3432 789 3513 ipsorum.
823 3429 887 3491 Nec
908 3430 1017 3573 1dprare
1040 3421 1128 3482 valuit

180 3532 331 3575 souuoums.
732 3556 739 3569 2

1137 391 1201 402 aum·-

1163 3622 1236 3739 Δ
