2475 3775
152 155 210 218 ild
229 135 269 217 'c.
286 134 437 218 semrom*
448 133 573 228 nunno.
587 131 635 216 nn
651 168 733 218 vnun
749 131 929 218 onesinum
943 169 1012 247 nun.
1028 169 1079 216 ιιι.

150 321 297 400 exemplo,
311 330 374 382 ture
385 321 501 400 quidem
513 339 548 381 ac
559 323 628 382 rino
640 329 738 394 veruin
746 323 809 382 sine
820 321 935 384 tibicine
948 321 1131 404 supplioauit,

66 461 76 474 ,
108 415 182 477 nat
195 406 245 465 ille
260 405 329 465 olim
342 407 372 465 in
384 414 480 466 morte
494 405 555 467 tilii.
597 401 738 468 Sermone
753 405 864 467 Graeco
880 423 1046 487 quamquem
1060 406 1131 466 alio·

150 491 199 568 qui
216 498 364 568 promptus
378 489 534 566 etfacilis,
554 507 612 549 non
632 498 726 550 tamen
746 507 836 568 nsque
857 507 975 569 qunque¹
991 509 1057 552 usus
1077 499 1132 564 est,

149 574 339 652 abstinuitque
352 575 475 633 maxine
489 574 519 633 in
531 583 647 641 senatu;
665 572 737 633 adeo
753 563 874 652 quidem,
889 583 919 634 ut
938 573 1133 653 monopolium

73 692 77 697 >
149 658 343 717 nominaturus
357 657 469 717 veniam
489 658 568 736 prius
585 656 756 736 postularet,
779 657 858 734 quod
871 657 926 718 sibi
940 657 1031 720 uerbo
1048 673 1153 736 pere-u

149 743 234 818 grino
253 739 386 800 utendum
405 750 498 809 essem
518 749 604 819 atque
627 742 711 800 etiam
734 757 797 800 oum
819 742 852 822 in
870 741 993 821 quodam
1013 740 1132 801 decreto

147 834 260 905 patrum
281 821 430 904 ἔμβλημιι
448 825 632 901 recitaretur,
655 824 877 886 commutandam
893 827 1006 886 censuit
1020 841 1132 898 recem,

148 919 180 968 et
193 925 247 987 pro
264 908 421 987 peregrina
434 915 590 968 nostratem
606 907 806 986 requirendam
818 917 866 969 aut
878 911 904 968 si
918 927 976 970 non
991 908 1132 988 reperire·

148 1002 204 1067 tur,
219 991 267 1051 vel
282 990 412 1070 pluribus
426 999 456 1052 et
470 1009 524 1070 per
536 991 669 1052 ambitum
683 990 912 1056 verberantem
924 991 1131 1070 enuntiandam.

109 1126 122 1146 „
148 1075 266 1136 llilitem
276 1089 401 1153 quoquc,
416 1074 527 1136 Graece
536 1077 728 1138 testimonium
739 1077 958 1154 interrogatum,
970 1077 1024 1140 nisi
1035 1075 1131 1137 Latine
1144 1093 1167 1134 ιι

56 1193 66 1215 -ι
148 1157 330 1237 respondere
348 1159 467 1218 retunt..
493 1201 500 1217 ,
718 1181 720 1188 ·
766 1164 768 1170 ’

61 1218 385 1332 Jffffis'or‘noino
400 1250 461 1303 toto
478 1260 613 1304 secessus
628 1251 760 1322 tempore
771 1244 889 1304 Romam
901 1243 999 1302 redire
1015 1251 1133 1306 conatus

149 1325 256 1405 (semel
277 1322 389 1387 trir'emi.
404 1343 496 1406 usque
515 1327 551 1387 ad
572 1329 720 1406 proximos
742 1326 925 1388 naumachiae
946 1325 1047 1388 hortos
1068 1325 1132 1386 sub·

45 1469 49 1485 ,
148 1417 266 1487 vectus,
295 1409 435 1490 disposita
455 1412 577 1472 statione
595 1426 661 1490 per*
673 1412 752 1490 ripas
770 1410 899 1487 Tiberis,
934 1427 1009 1488 quae
1022 1407 1134 1470 obuiam

148 1493 316 1574 prodeuntis
336 1493 537 1571 submoveret,
564 1496 668 1554 iterum
687 1494 895 1574 Appiausque
919 1493 954 1553 ad
982 1494 1132 1571 septimum
1145 1517 1166 1556 m

148 1575 288 1656 lapidem)
314 1576 381 1651 sed.
394 1577 561 1656 prospectis
585 1577 673 1638 modo
693 1596 748 1638 nec
765 1576 856 1638 aditis
878 1575 956 1636 urbis
985 1575 1134 1636 moenibus

147 1660 246 1730 rediit;
262 1662 353 1740 primo
372 1661 510 1721 incertum
524 1679 581 1740 qua
594 1661 632 1720 de
645 1679 742 1738 causa,
757 1669 860 1741 postea
878 1667 991 1720 ostento
1006 1661 1133 1720 territus.

148 1743 220 1805 Erat
235 1745 262 1804 ei
279 1746 308 1804 in
329 1743 546 1805 oblectamentis
560 1742 683 1824 serpeus‘
697 1743 802 1821 draco,
823 1761 906 1823 quem
920 1761 961 1816 ex
982 1751 1133 1804 eonsuetu-

144 1828 215 1891 dine
229 1845 312 1890 manu
325 1846 378 1891 sua
390 1827 535 1891 cibaturus
551 1845 615 1890 cum
627 1837 824 1909 consumptum
833 1845 855 1888 a
866 1826 994 1889 formicis
1006 1827 1139 1891 invenie.

44 1933 47 1939 ·
149 1922 210 1992 set,
231 1914 353 1974 monitus
374 1923 419 1973 est
440 1922 472 1975 ut
490 1915 547 1974 rim
561 1914 744 1975 multitudinis
760 1920 887 1973 caueret.
916 1912 1044 1975 Rediens
1058 1928 1132 1989 ergo
1145 1932 1169 1971 no

147 1996 636 2159 tdtttdtttlttdtttt
649 1996 1134 2159 ‘flltdtttldllllllt

147 2162 286 2222 firmitatis
304 2162 395 2239 daret,
416 2164 609 2224 castrensibus
626 2164 701 2224 ludis
720 2182 778 2225 non
794 2172 900 2225 tanturn
921 2164 1058 2240 interluit,
1082 2161 1136 2222 sed

147 2246 233 2304 etiam
246 2246 363 2305 mimum
374 2248 404 2305 in
419 2246 553 2309 harenam
564 2266 664 2326 aprum
673 2248 775 2323 incudis
787 2242 914 2327 desuper
921 2248 1009 2326 petit;
1028 2248 1134 2311 statim·

148 2337 205 2407 que
224 2328 314 2388 latere
330 2328 470 2389 convulso
486 2339 527 2407 et,
548 2340 578 2391 ut
592 2340 791 2409 exaestuaret,
811 2330 925 2391 afflatus
941 2348 1009 2391 aura
1021 2332 1052 2391 in
1069 2348 1136 2407 gra·
1146 2354 1171 2394 ιι

147 2412 258 2472 viorsm
272 2410 375 2471 reoidit
385 2412 525 2473 morbum
551 2416 726 2475 sustentavit
742 2424 836 2475 tamea
849 2413 1022 2492 aliquandiu,
1039 2432 1136 2493 quam·

147 2499 192 2557 uis
200 2496 339 2557 llisenum
346 2514 439 2576 usqne
447 2497 588 2567 derectus
599 2498 670 2558 nihil
681 2516 719 2559 ex
734 2497 834 2559 ordine
847 2498 992 2577 cotidiano
1005 2506 1136 2577 praeter-

41 2595 45 2604 *
146 2583 290 2659 mitteret,
306 2598 345 2641 ne
359 2582 493 2642 convivia
507 2582 621 2661 quidem
637 2591 684 2643 aut
697 2591 813 2644 ceteras
827 2582 1009 2661 voluptates,
1032 2582 1138 2662 partim

145 2666 364 2745 intemperantia
380 2667 483 2744 partim
500 2665 736 2727 dissimulatione.
777 2664 850 2727 liam
869 2664 1025 2727 Chariclen
1046 2664 1137 2725 medi·

148 2763 229 2823 com,
251 2748 327 2827 quod
348 2758 505 2811 commeatu
523 2751 652 2812 afuturus
668 2770 686 2811 e
703 2751 837 2812 convivio
853 2750 1007 2827 egrediens
1021 2766 1137 2816 manum
1147 2766 1172 2807 es

148 2828 204 2887 sibi
215 2832 365 2893 osculandi
382 2851 468 2895 causa
480 2835 737 2915 apprehendisset,‘
749 2834 914 2900 existimans
927 2840 1083 2913 temptatus
1099 2831 1137 2893 ab

148 2927 300 2991 coronas,
317 2932 466 2977 remanere
488 2936 523 2979 ac
541 2918 711 2979 recumbere
727 2918 857 2979 hortatus
872 2926 934 2997 eet,
958 2926 1138 2995 caenumque

81 3051 84 3055 Δ
148 2997 299 3073 protraxit.
331 2997 403 3058 liec-
413 3000 545 3062 abstinuit
559 3002 765 3065 consuetudine
783 3004 850 3081 quin
868 3011 936 3063 tune
956 3018 1074 3081 quoque
1088 3001 1138 3059 in-

87 3078 92 3091 ‘
148 3087 227 3138 stans
248 3079 278 3137 in
293 3080 388 3141 medio
410 3084 551 3162 triclinio,
567 3094 680 3147 astante
695 3085 815 3161 lictore,
832 3086 963 3163 singulos
977 3082 1080 3145 raler'e
1096 3082 1137 3141 di·

106 3162 242 3231 pacantis
256 3163 426 3242 appellaret.
463 3166 659 3232 luterimonm
672 3169 702 3226 in
717 3170 788 3229 actis
801 3180 920 3229 senatus
935 3168 1075 3245 legisset,
1094 3166 1135 3225 di·
1146 3186 1172 3227 ac
1220 3218 1221 3239 ,

147 3247 252 3305 missos
266 3262 304 3305 ac
319 3264 356 3305 ne
369 3247 481 3307 auditos
494 3253 610 3329 quidem
628 3251 765 3330 quosdam
785 3268 863 3329 reos,
885 3252 921 3312 de
944 3250 1047 3330 quibus
1071 3251 1138 3309 stri·
1220 3244 1221 3253 ’

42 3370 47 3377 -
150 3332 268 3390 θῑίιιιῖθῐ
285 3328 357 3389 nihil
369 3329 445 3389 aliud
458 3346 543 3409 qnam
558 3338 718 3396 nmmnmos
733 3332 769 3396 ab
785 3336 879 3396 indice
891 3338 1064 3415 scripserat,
1081 3348 1139 3413 pro

121 3421 375 3494 'contempto-se
397 3412 523 3477 habitum
548 3403 674 3479 fremens
699 3428 837 3501 repetere
862 3418 991 3500 Capreas
1018 3434 1140 3498 quoquo
