2475 3775
85 163 89 171 ·
111 159 119 174 ·
135 148 197 210 184
224 159 254 207 c.
267 159 417 208 suunom
432 159 560 220 annuo
573 161 622 208 nu
636 161 719 208 vrrs
735 147 917 208 onsssuuu
932 159 1001 207 urs.
1015 161 1061 208 vr.

75 308 79 321 ³
132 314 271 394 silvisque
285 314 380 390 varia,
398 332 462 374 cum
483 313 661 374 multitudine
681 315 772 373 omnis
790 314 910 390 generis
931 313 1072 394 pecudum
1093 333 1127 376 ac

75 406 77 413 '
130 399 267 459 ferarum.
309 398 343 458 ln
358 399 465 461 ceteris
479 397 610 476 partibus
626 406 729 458 cuncta
744 414 813 458 auro
825 398 885 474 iita,
902 397 1035 474 distincta
1047 392 1125 475 ge'm·

129 483 186 542 mis
202 484 393 560 unionumque
415 480 534 556 conchis
553 483 648 551 drant;
672 483 856 542 coenatioues
874 482 1027 561 laqueatae
1047 482 1124 544 tabu·

131 566 168 627 iis
182 564 319 626 eburneis
331 565 527 642 versatilibus,
542 575 574 626 ut
587 566 687 643 dores,
697 566 852 642 fistulatis,
869 573 900 626 ut
916 570 1062 642 unguenta
1072 567 1122 628 de·

130 667 220 728 snper
244 658 465 728 spargerentur;
494 651 874 729 praecipnacasnationum
893 649 1030 726 rotunda,
1052 667 1146 728 quaes

130 742 274 812 perpetuo
287 733 390 794 diehm
403 752 438 794 aa
453 733 589 793 noctibus
603 734 669 795 vice
683 732 778 794 mundi
793 735 1054 810 circumageretur;
1076 733 1123 793 ba·

130 817 226 879 lineae
239 819 355 878 marinis
371 827 400 877 et
420 816 526 876 albulis
545 817 669 878 tuentes
689 818 779 896 aquis.
824 817 894 878 Eius
915 817 992 878 modi
1013 817 1123 878 domum

130 919 194 961 cum
207 900 366 962 absolutam
380 900 537 978 dedicaret,
551 899 691 961 hamenus
709 900 924 980 comprobavit,
947 910 977 961 ut
994 918 1028 960 se
1048 901 1121 962 dice·

129 994 177 1044 ret
190 985 283 1066 quasi
295 984 445 1046 hominem
458 984 582 1044 tandem
594 983 740 1046 habitare
754 987 903 1064 coepisse.

59 1099 64 1106 ·
144 1134 156 1141 ,
188 1068 344 1129 Praeterea
357 1067 512 1128 inchoabat
525 1070 665 1148 piscinam
688 1087 705 1130 a
726 1069 837 1132 hiiseno
860 1069 896 1129 ad
916 1068 1062 1132 Avernum
1082 1069 1155 1129 Ιιι-ιι
1220 1079 1221 1112 t

129 1169 203 1228 cun,
222 1160 384 1212 contectam
400 1153 616 1232 porticibusque
632 1153 814 1230 conclusam,
831 1171 888 1232 quo
905 1152 1041 1231 quidquid
1055 1155 1123 1212 totis

81 1259 89 1264 ·
127 1234 195 1294 Bais
220 1235 374 1296 calidarum
404 1254 540 1314 aquarum
576 1247 656 1298 esset
688 1245 920 1306 converteretur;
949 1237 1059 1297 iossam
1086 1235 1122 1296 ab

128 1317 248 1379 Averno
263 1317 372 1380 Ostiam
388 1338 491 1398 usque,
503 1322 537 1380 ‘ut
550 1321 672 1382 navibus
687 1339 743 1380 nec
757 1330 853 1382 tanen
866 1323 936 1380 mari
945 1322 1046 1397 iretur,
1061 1320 1121 1379 ton·

128 1401 263 1480 gitudinis
278 1421 332 1483 per
347 1413 460 1464 centnm
474 1407 628 1482 sexaginta
642 1405 729 1482 milia,
747 1404 917 1481 latitudinis,
938 1422 994 1483 qua
1010 1411 1122 1464 contra·
1221 1437 1222 1450 ι

126 1487 188 1546 riae
205 1488 425 1566 quinqueremes
439 1498 641 1550 commearent.
685 1489 813 1564 Quorum
833 1505 953 1570 operum
970 1489 1121 1566 perficien·
1132 1497 1156 1538 ¹⁵
1221 1483 1222 1518 ³

127 1569 228 1629 dorum
244 1574 338 1648 gratia
353 1570 550 1652 qundhbique
571 1581 652 1633 esset
672 1572 819 1633 custodiae
842 1575 871 1632 in
884 1572 994 1633 ltaliam
1014 1571 1121 1651 depcr-

66 1715 69 1722 ,
127 1655 193 1730 tari,
209 1656 294 1715 etiam
311 1656 426 1716 sceiere
441 1658 594 1717 convictos
606 1657 721 1717 nonnisi
741 1655 777 1717 ad
800 1675 874 1736 opus
895 1655 1122 1735 damnariprae·

127 1746 258 1815 ceperat.
551 1741 557 1764 ¹
966 1751 970 1756 ·

189 1821 325 1884 Adbunc
336 1823 543 1903 impendiorum
554 1825 693 1903 furorem,
702 1841 791 1903 super
803 1823 934 1884 fiduciam
946 1822 1070 1903 imperii,
1082 1832 1122 1882 et

126 1909 182 1969 iam
194 1925 248 1985 spe
262 1907 383 1986 quadam
397 1910 549 1989 repentina
561 1910 760 1970 immensarum
772 1916 802 1969 et
812 1908 1025 1969 reconditarum
1035 1926 1123 1987 opum
1130 1920 1155 1962 at

125 1991 264 2070 impulsus
293 2001 339 2052 est
366 2011 405 2051 ex
421 1993 526 2054 indicio
546 1996 653 2072 equitis
676 1994 712 2053 tt.
731 2009 786 2071 pro
809 2000 960 2071 comperto
980 1990 1121 2071 pollicen-

125 2076 173 2149 tis,
190 2072 343 2135 thesauros
358 2077 570 2154 antiquissimae
585 2075 863 2155 gazae,qnos1)ido
884 2076 985 2152 regina
1006 2075 1123 2151 fugiens

125 2156 204 2229 'ipro
222 2159 504 2236 secumextuiisset,
524 2178 591 2220 esse
612 2163 641 2221 iu
663 2159 764 2220 dirica
785 2160 953 2222 vastissimis
974 2158 1122 2237 specubus

78 2249 117 2305 32
129 2236 251 2313 abditos,
268 2258 303 2299 ao
317 2258 407 2320 posse
427 2245 488 2302 erui
506 2243 625 2322 parvula
642 2244 818 2304 molientium
832 2260 932 2322 opera.
962 2243 1072 2305 Verum
1092 2251 1122 2303 ut

126 2339 196 2401 spes
211 2320 326 2399 refellit,
342 2323 510 2404 destitutus,
528 2336 614 2406 atque
629 2327 667 2387 ita
682 2328 738 2387 iam
754 2327 909 2388 exhaustus
930 2335 959 2387 et
978 2345 1073 2407 egeus
1092 2334 1155 2386 uttt

124 2404 266 2485 stipendia
281 2423 396 2486 quoque
409 2409 527 2470 miiitum
542 2419 572 2469 et
594 2406 757 2473 commoda*
767 2420 969 2471 veteranorum
990 2409 1121 2490 protrahi

123 2508 159 2552 ac
188 2490 297 2551 differri
325 2509 450 2553 necesse
483 2502 580 2571 esset,
614 2496 763 2555 calomniis
795 2496 962 2574 rapinisque
1000 2494 1121 2555 intendit

122 2592 274 2635 ammom..

185 2657 262 2720 Ante
277 2663 371 2722 omnia
387 2662 522 2740 instituit,
539 2670 602 2721 ute
625 2661 793 2723 libertorum
815 2662 1015 2722 defunctorum
1034 2660 1120 2720 honis

123 2757 177 2818 pro
192 2744 312 2804 semisse
333 2745 454 2806 dextans
475 2748 503 2805 ei
525 2756 691 2824 cogeretur,
714 2748 843 2825 quisine
866 2745 1011 2825 probabili
1031 2760 1155 2805 caussas

123 2837 159 2881 eo
175 2825 289 2885 nomine
305 2838 413 2905 essent,
431 2847 488 2907 quo
504 2830 627 2890 inissent
641 2831 717 2892 ullae
733 2830 859 2891 familiae
876 2848 948 2909 quas
964 2830 1029 2908 ipse
1050 2845 1118 2889 con-

122 2904 263 2980 tingeret;
281 2908 399 2988 deinde,
414 2922 444 2972 ut
460 2916 637 2990 ingratorum
658 2916 686 2973 in
708 2915 868 2993 principem
891 2920 1064 2975 testamenta
1084 2910 1120 2976 ad

122 2986 223 3047 iiscum
237 2993 433 3071 pertinerent,
449 3014 485 3057 ao
509 3015 546 3057 ne
566 2999 681 3078 impune
702 3008 782 3059 esset
802 2996 939 3058 studiosus
957 3016 1045 3075 rurus,
1071 2995 1120 3074 qui

122 3070 309 3165 scripsissent
323 3077 371 3136 vel
386 3078 543 3140 dictassent
560 3099 609 3150 ca;
632 3090 699 3141 tunc
719 3091 749 3142 ut
771 3083 839 3160 lege
861 3083 1020 3142 maiestatis
1040 3080 1119 3139 iacta

112 3150 255 3233 ¹ductaque
273 3160 383 3235 omnia,
406 3161 508 3237 quibus
522 3163 607 3223 modo
625 3164 739 3226 delator
752 3183 810 3226 non
827 3164 960 3243 deesset,
982 3174 1118 3225 teneren-
1129 3172 1156 3214 ³⁵

119 3245 175 3296 tur.
223 3239 387 3300 Revocavit
407 3252 436 3300 et
458 3248 586 3320 praemia
606 3266 793 3325 coronarum,
815 3264 889 3327 quae
909 3266 1041 3328 umquam
1063 3246 1119 3307 sibi

121 3320 251 3382 civitates
270 3323 299 3381 in
320 3325 522 3386 certaminibus
547 3330 727 3392 detulissent.
771 3332 809 3393 Et
831 3350 895 3391 cum
916 3332 1119 3397 interdixisset

52 3451 55 3458 .
119 3417 201 3462 usum
216 3406 395 3481 amethystini
416 3424 451 3469 ao
465 3408 544 3483 'durii
561 3415 688 3491 coloris,
711 3416 958 3494 summisissetque
978 3416 1027 3493 qui
1047 3432 1119 3473 nun-
