2475 3775
387 189 391 197 .
431 159 738 212 -ounuuuonreuu
787 207 790 221 ,
848 165 852 180 ²
892 169 930 189 ,-
987 162 989 170 ¹
1028 145 1087 214 am

91 317 254 394 letamur,
270 316 326 376 sed
337 315 472 376 materia
483 313 596 394 sociiis
607 315 640 374 io
659 322 688 375 te
705 320 735 376 et
746 316 778 376 io
792 321 862 378 taos
878 316 962 376 dicta
977 317 1095 396 dicere,
1167 349 1170 357 ·

91 399 134 462 At
148 409 264 481 quarto
279 417 397 461 merces
412 399 530 461 rterort
543 405 590 458 ert
602 397 698 460 dota!
714 397 842 477 Audite,
863 399 986 478 audite,
1002 399 1035 461 P.
1054 399 1087 464 0.

27 528 48 563 ,
92 491 121 549 et
136 485 310 564 copaoucite
331 484 430 566 reip.
451 481 591 548 morea.
619 481 699 549 Duo
714 471 810 554 ,milia
831 485 970 563 tapetam
988 487 1113 562 compi.

90 565 231 630 Leontius·
250 567 324 629 Sec.
343 564 453 632 Clodio
471 567 590 631 rhetori
607 567 780 646 arricum
796 567 959 647 etquidem
983 568 1088 631 imma·

70 653 160 729 suto,
175 660 208 714 at
222 658 309 717 touta
323 650 463 713 mercede
477 649 554 714 stibii
567 667 682 729 sapere
704 649 850 716 disceres.
964 693 966 700 r
1077 667 1083 680 ’

153 733 187 796 O.
208 736 350 805 Albucius
364 735 463 812 Silas,
484 733 687 814 Novarieusis‚
716 735 939 798 cumaedilitate
954 737 983 796 iu
998 737 1120 815 patriatt

90 818 274 897 iungerelur,
290 813 353 881 c'uru
366 820 443 879 lorte
457 821 502 879 ius
517 816 646 896 diceret,
662 817 698 880 ab
711 821 747 880 iis
763 828 863 881 contra
878 837 952 897 quos
965 807 1090 898 pronunss

90 902 179 963 tiabat
194 903 316 982 pedibus
331 923 347 964 e
363 902 497 964 tribunali
514 900 660 963 detractus
677 912 732 963 est.
758 904 843 980 Quod
856 903 1089 981 indigoefereus,

90 989 184 1046 statim
199 988 347 1048 contendit
368 988 404 1048 ad
420 996 531 1067 portam
552 995 581 1046 et
595 988 662 1046 inde
685 987 821 1065 Romam,
843 996 1040 1066 receptusque
1061 989 1091 1046 iu
1165 1027 1169 1037 ι

57 1080 81 1120 10
90 1069 188 1131 Planci
200 1069 328 1133 “oratoris
339 1072 569 1146 contubernium,
587 1073 632 1130 cni
648 1070 918 1137 declamaturomos
937 1080 998 1130 erat
1010 1071 1089 1149 prius

88 1153 213 1232 aliquem
228 1159 277 1236 qui
291 1164 356 1222 onte
372 1156 483 1217 diceret
495 1155 641 1233 excitare,
657 1157 788 1234 suscepit
803 1146 984 1234 eas‘partes,
1003 1163 1089 1234 atque
1121 1223 1125 1230 ,

28 1242 33 1251 ’
88 1239 127 1296 ita
141 1239 279 1318 ,implevit
299 1233 456 1321 utll’lauco
478 1237 622 1301 silentium
643 1239 822 1318 imponeret,
845 1256 903 1314 nou
925 1238 1040 1303 audenti
1061 1242 1089 1298 iu

89 1325 334 1400 comparationem
350 1340 383 1380 se
395 1322 566 1381 demittere,
585 1320 643 1382 Sed
656 1321 738 1382 exeo
752 1323 863 1397 clarus,
879 1323 999 1402 propria
1012 1322 1089 1385 audi·

88 1406 162 1465 toria
181 1405 315 1483 instituit,
332 1405 435 1465 solitos
450 1405 602 1484 proposita
618 1406 819 1468 controversia
829 1403 936 1465 sedens
948 1407 1088 1484 incipere,

56 1502 79 1542 1⁵
88 1495 117 1546 et
137 1488 237 1550 calore
258 1489 548 1567 demumprovectus
563 1506 745 1568 consurgere
766 1506 801 1550 ao
815 1506 971 1570 perorare,
993 1487 1089 1548 declu-

87 1587 164 1632 mare
188 1581 283 1635 autem
303 1591 413 1652 genere
429 1574 532 1634 rario:
554 1573 641 1634 modo
663 1571 814 1652 splendide
833 1571 1089 1651 atque-adornate,

87 1661 160 1732 mnu,
176 1674 212 1716 ue
227 1675 320 1735 usque
337 1646 451 1736 qusque
463 1655 658 1719 scholasticus
673 1659 901 1732 existimaretur,
919 1656 1089 1717 circumcise

88 1754 120 1796 ac
138 1739 256 1801 sordide
276 1749 305 1799 et
320 1749 426 1801 tantum
441 1757 499 1800 aon
516 1740 677 1800 trivialibus
692 1741 799 1800 verbis.
838 1739 908 1816 Egit
931 1748 960 1798 et
976 1755 1088 1814 causas,

86 1837 186 1883 verum
200 1825 311 1901 rarius,
327 1822 393 1884 dam
405 1823 609 1903 amplissimam
624 1841 767 1905 quamque
778 1831 921 1901 sectatur,
936 1839 992 1882 nec
1003 1822 1088 1885 aliurn
1120 1867 1127 1876 .

54 1904 114 1962 ²0iu
130 1906 188 1968 ulla
204 1908 300 1969 locum
318 1926 400 1986 quam
421 1908 586 1987 perorandi.
621 1909 727 1971 Postea
747 1909 919 1969 renuntiavit
939 1906 1006 1969 foro
1024 1922 1088 1985 par·
1176 1975 1179 1980 Ι

86 1989 134 2047 bru
149 1991 280 2072 pudore,
296 1994 401 2071 partim
408 1999 500 2063 metm
520 2009 585 2054 uam
599 2010 663 2053 curu
680 1995 709 2053 in
727 1992 776 2067 lite
798 1990 917 2073 quadam
933 1990 1088 2052 centumvi-

85 2072 154 2151 rali,
169 2074 357 2154 aduersario,
379 2094 463 2155 quem
482 2086 513 2137 ut
527 2078 642 2155 impium
666 2092 737 2154 erga
756 2084 891 2156 parentes
912 2072 1089 2153 incessebat,

86 2155 290 2221 iusiurandum
306 2162 388 2239 quasi
404 2160 592 2239 per'liguram
607 2162 651 2221 sic
672 2160 840 2239 optulisset:
863 2156 942 2219 loro
955 2176 1014 2235 per
1026 2173 1087 2237 pe-

88 2240 143 2300 tris
169 2244 340 2324 matrisque
366 2238 501 2321 emeres,
528 2244 581 2327 pai
598 2242 748 2307 inconditi
775 2244 898 2307 iaceat!
927 2251 956 2305 et
981 2241 1034 2303 alia
1061 2243 1090 2301 iu

55 2318 159 2385 ²⁵lrunc
170 2327 300 2403 modum,
318 2329 474 2409 arripiente
487 2346 523 2389 eo
538 2328 747 2404 conditionem,
763 2346 818 2389 uec
831 2326 973 2389 iudicibus
989 2343 1101 2405 asper-t

87 2410 234 2491 nantibus,
262 2430 319 2471 nou
339 2414 401 2474 sinc
419 2430 524 2491 magua
546 2414 589 2473 sui
609 2412 715 2475 invidia
735 2413 882 2489 negotium
902 2410 1013 2469 aillixit.
1053 2406 1090 2466 m

87 2506 184 2556 rursrns
203 2498 232 2557 iu
255 2497 420 2571 cognitione
439 2495 536 2555 caedis
555 2493 711 2557 Mediolani
735 2494 810 2574 apud
824 2495 855 2555 b.
872 2492 1007 2552 Pisonem
1023 2506 1088 2566 pro.-

88 2580 236 2639 cousulem
258 2578 417 2639 defendens
443 2595 538 2653 reum,
562 2597 626 2637 cum
653 2577 822 2638 cohiberent
848 2576 968 2635 lictores
991 2574 1091 2631 nimias

88 2654 258 2723 laudantium
281 2678 388 2736 voces,
409 2663 497 2721 etita
517 2660 736 2737 excanduisset,
764 2668 793 2718 ut
812 2658 964 2737 deplorato
990 2654 1091 2715 ltaliae

56 2747 180 2819 ostatu,
197 2744 289 2825 quasi
307 2744 416 2804 iterum
434 2741 610 2824 informem
621 2742 806 2824 procinctae
820 2740 1029 2819 redipcretar,
1050 2738 1088 2800 bi:
1126 2760 1132 2777 ·

88 2821 206 2904 insuper
226 2827 356 2905 Brutum,
384 2828 464 2886 ouius
485 2835 578 2887 statua
601 2829 628 2886 in
645 2834 811 2906 conspectu
833 2832 912 2901 erat,
939 2825 1090 2903 invocaret
1112 2886 1114 2893 ,

88 2904 187 2986 lepam
198 2929 237 2972 oc
251 2909 403 2971 liberetis
417 2918 616 2972 cactorcro'et
626 2910 792 2985 vindiceris,
810 2927 885 2989 pene
903 2924 1014 2987 poenas
1026 2908 1086 2967 luit.

67 3025 69 3029 -
88 2986 146 3050 lam
162 3005 256 3059 autem
270 2996 369 3057 senior
385 2993 423 3055 ob
439 2996 536 3055 vitium
549 2997 678 3055 vomicae
694 2994 848 3057 Novariam
864 2992 961 3071 rediit,
981 3008 1087 3053 convo·
1151 3068 1157 3073 ι

90 3083 212 3157 tutaque
226 3078 314 3159 plebe
329 3080 441 3154 causis,
463 3088 583 3158 propter
596 3098 667 3158 quas
682 3078 754 3137 mori
778 3077 965 3155 destinasset,
990 3075 1035 3135 diu
1053 3090 1088 3133 ac

89 3169 170 3221 mora
184 3148 382 3226 concionantis
395 3162 532 3241 redditis,
549 3161 683 3223 abstinuit
698 3161 774 3224 cibo.

524 3330 659 3374 *ὴ*
