2475 3775
150 102 211 182 1¹74
242 112 272 161 o.
288 112 440 163 sonnonl
452 113 581 174 roano.
597 113 646 162 on
661 115 745 164 urna
760 113 943 163 cassanum
957 115 1026 164 nnn.
1039 116 1088 168 ιι.

80 298 82 301 -
116 279 134 335 9
213 267 303 328 Orsus
317 268 417 329 biuca
437 268 555 349 pictatis
577 270 787 348 ostentatione,-
818 267 1145 349 claudiumapparatis

148 354 220 415 simo
235 353 338 412 iuuere
359 353 464 412 elatum
485 351 612 412 laudavit
631 360 661 412 et
683 358 873 416 consecrarit.
912 355 1069 416 Memoriae
1085 354 1144 416 Dc·

146 438 217 498 mitii
234 438 326 516 patris
338 435 468 498 honores
481 437 621 497 maximos
639 435 747 498 habuit.
769 437 854 499 blatri
867 448 1003 498 summam
1021 440 1144 499 omniurn
1213 485 1221 526 Ι,

145 537 242 583 rerum
258 523 432 600 privatarum
447 519 683 599 publicarumque
704 523 844 602 permisit.
880 521 976 584 Primo
993 523 1078 585 etiam
1094 525 1142 582 im-
1215 527 1220 555 ¹·

146 607 221 685 perii
237 604 284 665 die
299 605 412 682 signum
429 603 584 664 excubanti
600 603 715 665 tribuno
736 604 814 681 dedit
836 602 989 684 Optimum
1003 613 1166 684 mairana

144 707 181 750 ac
197 688 338 768 deinceps
352 688 482 761 eiusdem
496 705 587 766 saepe
601 689 709 749 lectica
724 708 778 788 per
789 689 935 788 publicum
947 691 1030 750 simul
1042 700 1142 770 vectos

48 779 50 787 ’
144 781 200 834 est
234 772 350 833 Antium
375 772 519 836 coloniam
542 770 675 850 deduxit,
700 774 835 854 ascriptis
858 775 1038 834 ueteranise
1060 792 1141 852 prae·

144 858 222 917 torio
239 855 401 936 additisque
416 874 480 936 per
492 854 629 916 domicilii
647 858 862 918 translationem
883 857 1029 918 ditissimis
1049 858 1140 937 primi·
1187 896 1190 902 -

144 940 293 1020 pilariom;
310 939 358 999 ubi
373 949 404 1000 et
421 948 535 1038 portum
550 957 653 1018 operis
666 933 905 1020 sumptuosissimi
920 943 1000 1003 lecit.
1207 998 1211 1004 .

101 1035 137 1087 lo
209 1024 305 1102 Atque
317 1025 514 1084 incertiorem
525 1022 618 1084 adbuc
629 1024 756 1090 indolem
768 1025 936 1086 ostenderet
941 1022 1171 1106 ,caduppa-stin

141 1106 341 1187 praescripto
362 1107 567 1187 imperaturum
587 1127 621 1175 se
648 1109 815 1188 professus,
842 1127 938 1188 neque
962 1108 1142 1170 liberalitatis

143 1209 239 1270 nequa
255 1190 443 1270 clementiae,
459 1209 497 1252 ne
514 1193 656 1253 comitatis
673 1192 786 1272 quidam
801 1192 981 1254 exhibendae
997 1192 1084 1253 ullam
1095 1211 1141 1254 oc·
1221 1265 1222 1268 Ἴ

143 1277 291 1336 casionem
306 1275 411 1337 omisit.
441 1274 581 1337 Graviora
596 1277 755 1354 vectigalia
767 1285 816 1337 aut
831 1277 961 1338 aboleuit
972 1285 1021 1338 aut
1034 1277 1140 1336 minuit.

142 1358 271 1423 Praemia
287 1359 447 1420 delatorum
462 1360 571 1440 Papiae
586 1361 663 1437 legis
678 1357 713 1424 ad
730 1371 847 1441 quartas
861 1361 985 1438 redegit.
1035 1360 1142 1420 Divisis
1206 1369 1209 1376 ’

142 1444 255 1524 populo
273 1445 378 1504 viritim
396 1443 602 1523 quadringenis
619 1446 755 1521 nurmmis,
777 1455 942 1506 senatorum
962 1443 1141 1506 nobilissimo
1152 1463 1172 1502 ιι

143 1530 264 1607 cuique,
291 1527 343 1588 sad
360 1547 420 1588 are
437 1527 571 1588 familiari
586 1528 723 1598 destituto
738 1547 830 1590 annua
846 1529 967 1605 salaria,
983 1537 1013 1588 et
1029 1527 1141 1607 quibus-

142 1611 207 1671 dam
225 1613 386 1690 quingena,
412 1613 574 1688 constitnit,
594 1613 663 1672 item
685 1614 877 1693 praetorianis
898 1611 1066 1674 cohortibus
1084 1612 1157 1670 iro·-

140 1704 266 1755 meutum
287 1704 463 1756 menstruum
482 1697 653 1774 gratuitum.
671 1695 729 1756 Ἐι
747 1715 811 1758 cnm
826 1696 864 1756 de
887 1696 1033 1778 supplicio
1050 1697 1141 1756 cuius

141 1779 206 1840 dam
224 1780 320 1857 capite
342 1779 464 1841 damnati
484 1788 514 1840 ut
535 1798 575 1840 ex
592 1797 675 1840 more
700 1779 898 1842 subscriberet
923 1780 1141 1842 admoneremur:

141 1862 243 1939 Quam
262 1861 369 1926 uellem
406 1862 513 1944 inquit,
530 1865 652 1927 occare
665 1864 806 1927 litterae!
819 1861 937 1927 Omnis
943 1865 1061 1926 ordines
1076 1861 1143 1925 sub-
1151 1883 1192 1923 n

140 1948 209 2009 inde
231 1968 266 2017 ac
267 1910 513 2010 memobiter
468 1946 612 2010 salutavit.
642 1949 751 2027 agenti
767 1950 879 2011 senatui
893 1951 1002 2027 gratias
1020 1965 1142 2028 respon-

141 2032 198 2093 dit:
224 2031 301 2093 Cata
320 2051 473 2094 meruero
501 2033 550 2093 Ad
572 2042 752 2112 campestres
769 2034 994 2095 exercitationes
1010 2050 1077 2093 suas
1095 2030 1142 2091 ad-

139 2117 216 2175 misit
232 2124 262 2175 et
276 2115 409 2195 plebem,
433 2111 663 2195 declamauitque
681 2118 799 2197 saepius
814 2116 947 2196 publice;
965 2118 1103 2177 recitavit
1116 2116 1182 2206 ιι)

141 2202 283 2274 carmina,
300 2217 358 2259 non
372 2199 460 2260 modo
477 2199 553 2259 domi
567 2200 620 2260 sed
642 2202 701 2261 et
692 2220 721 2260 ιι
745 2201 875 2277 theatro,
900 2208 977 2262 tanta
992 2197 1153 2260 universo-

140 2300 202 2341 rum
213 2244 340 2357 laetitia,
355 2292 385 2342 ut
396 2282 448 2343 ob
450 2284 649 2368 recitationem
664 2284 839 2363 supplicatio
852 2284 970 2345 decreta
981 2285 1018 2343 sit
1025 2300 1175 2363 ,eaqueaa

140 2384 210 2447 pars
226 2366 382 2426 carminum
396 2362 494 2426 aureis
511 2366 615 2427 litteris
630 2366 694 2427 lovi
710 2367 874 2447 Capitolino
890 2367 995 2429 dicata
1136 2424 1140 2440 ,

98 2460 131 2513 11
203 2450 444 2550 Spectaculorum
458 2451 581 2531 plurima
597 2460 626 2511 et
640 2454 719 2511 varia
734 2470 845 2529 genera
860 2448 962 2513 edidit.
982 2425 1144 2526 iuvenales,

139 2535 306 2612 circenses,
329 2536 464 2598 scenicos
482 2534 583 2612 ludos,
605 2524 807 2613 gladiatorium
819 2554 930 2597 munus
957 2532 1142 2597 Iuvenalibus

138 2638 226 2680 senes
241 2638 385 2700 quoque
373 2618 544 2681 consulares
559 2614 689 2699 anusque
700 2629 847 2694 matronas
861 2622 975 2700 recepit
988 2618 1025 2680 ad
1040 2620 1141 2679 lusum
1222 2618 1223 2621 ’

139 2702 327 2773 Circensibus
345 2703 413 2766 loca
429 2706 527 2785 equiti
532 2712 648 2765 secreta
662 2722 679 2765 a
695 2705 801 2765 ceteris
818 2688 925 2783 tribuit,
941 2705 1172 2802 commisitqueoa

139 2787 226 2845 etiam
240 2788 416 2850 camelorum
434 2788 600 2869 quadrigas.
637 2787 733 2887 ludis,
750 2805 824 2867 qnos
840 2806 899 2869 pro·
907 2788 1082 2849 aeternitate
1093 2786 1142 2844 im·

138 2870 215 2947 perii
226 2881 380 3012 susceptos
392 2866 537 2953 appellari
551 2872 728 2933 maximos
740 2871 841 2949 voluit,
855 2891 893 2932 ex
905 2880 1028 2957 utroque
1042 2869 1143 2931 ordine

138 2959 169 3011 et
196 2969 269 3011 sexu
295 2971 431 3034 perrqnc
456 2957 583 3017 ludicras
614 2966 714 3036 partes
741 2958 948 3025 sustinuerunt:
975 2955 1143 3015 notissimus

37 3114 41 3122 1
139 3036 279 3114 equesli.
296 3036 455 3117 elephanto
472 3040 661 3120 supersidens
677 3058 731 3120 per
746 3040 939 3102 catadromum
961 3038 1141 3105 decucurrit;

138 3119 252 3179 inducta
268 3119 369 3179 Airani
388 3130 500 3219 togata,
510 3142 591 3201 quae
606 3122 763 3184 Incend
755 3142 822 3184 rum
833 3122 1007 3201 inscribitur,
1020 3138 1142 3184 conces·
1151 3138 1174 3178 :n

139 3220 258 3281 sumque
274 3211 305 3262 ut
320 3206 448 3263 scaenici
471 3206 598 3270 ardentis
623 3207 723 3268 domus
745 3207 960 3287 supellectilem
982 3205 1144 3287 diriperent

138 3305 173 3348 ac
195 3287 250 3347 sibi
270 3285 425 3356 haberent;
441 3306 545 3364 sparsa
568 3300 599 3350 et
618 3291 728 3370 populo
753 3292 875 3353 missilia
897 3292 1020 3352 omnium
1044 3306 1143 3350 rerum

137 3389 191 3448 per
206 3390 306 3433 omnes
323 3369 401 3431 dies:
416 3371 529 3449 singula
541 3374 653 3435 cotidie
664 3374 742 3435 milia
754 3378 847 3459 avium
861 3376 998 3454 cuiusque
1010 3374 1143 3496 generis,

1219 2506 1223 2549 l

157 3679 183 3719 k
