2475 3775
162 182 202 246 30
222 265 223 272 ἵ
245 193 277 244 c.
292 179 441 245 souuonr
460 195 588 256 annuo.
604 196 652 244 nn
666 194 752 269 vrrs
764 195 947 245 oscannum
961 195 1030 244 uun.
1045 195 1069 243 1.

55 407 58 416 ,
161 367 242 426 vum,
263 351 310 430 qui
324 367 427 410 nocem
444 364 523 412 suam
537 367 592 430 per
606 347 747 411 uenenum
758 351 880 411 inimicis
893 350 1154 430 promiserat,‘aon

160 435 277 512 gravius
300 448 384 514 quarn
405 435 528 515 simplici
549 444 645 494 morte
667 437 773 513 puniit;
792 436 830 495 in
856 433 985 495 Publium
1011 431 1152 511 clodium,

96 514 98 521 ’
160 517 316 598 Pompeiae
328 519 427 578 uxoris
442 535 510 578 suae
525 516 684 578 adulterum
695 526 781 598 atque
792 519 894 579 eadem
909 518 947 578 de
960 534 1047 579 causa
1057 518 1153 604 pollu-

160 611 251 664 tarum
271 602 508 663 caerimoniarum
525 619 619 679 reum,
641 604 724 662 testis
743 604 863 678 citatus,
884 603 1003 680 negarit
1022 620 1055 662 se
1075 602 1153 681 quic

93 689 95 694 ‘
160 705 243 768 mam
263 688 459 767 comperisse,
482 687 610 764 quamvis
632 695 662 746 et
682 695 773 747 mater
790 686 910 753 Aurelia
929 694 959 746 et
979 703 1064 746 soror·
1082 685 1174 746 Iulias

160 771 236 850 apud
248 771 368 831 cosdem
383 769 492 847 iudices
507 770 602 830 omnia
616 789 654 831 ex
667 771 724 830 lide
738 771 925 849 retulissent3
945 766 1153 846 interrogatus·

39 895 50 911 x
160 861 231 934 que,
246 873 296 914 cur
310 855 397 932 igitur
409 852 590 933 repudiasset
603 872 740 931 uxorem,
756 853 924 930 Quoniam,
943 855 1049 932 inquit,
1069 871 1154 913 meos

117 948 150 1003 75
160 945 221 1000 tam
234 938 411 1016 suspicione
424 955 515 1018 quom
531 936 656 998 mimine
669 939 773 1001 iudico
788 956 898 1000 carcre
912 944 1063 1016 oportere.
1092 937 1153 998 llo·
1229 962 1231 987 n

159 1023 336 1082 derationem
357 1039 429 1082 vero
452 1020 688 1101 clementiamque
706 1041 770 1084 oum
787 1024 816 1083 in
836 1022 1080 1082 administratione
1096 1030 1153 1081 tum

157 1109 187 1166 iri
207 1107 329 1165 uictoria
349 1105 419 1166 belli
445 1106 540 1165 civilis
559 1106 754 1168 admirabilem
781 1106 918 1167 exhibuit.
961 1105 1185 1165 Denuntiautsso

158 1188 312 1268 Pompeio,
331 1207 385 1269 pro
401 1188 579 1250 hostibusne
594 1189 753 1251 babituram
773 1192 821 1270 qui
835 1192 878 1251 rei
894 1189 1028 1269 publicae
1044 1189 1151 1249 deluis·

158 1283 235 1350 sent,
252 1275 317 1352 ipse
329 1274 440 1334 medios
455 1283 484 1333 et
499 1276 626 1334 neutrius
641 1277 732 1355 partis
746 1292 861 1335 suorum
874 1275 928 1334 sibi
942 1290 1061 1332 numero
1078 1273 1151 1332 iutu-

157 1375 206 1418 ros
222 1361 425 1438 pronuntiavit.
470 1358 579 1434 Quibus
600 1369 694 1419 autem
712 1377 751 1435 eu
768 1358 1017 1419 commendatione
1031 1357 1151 1436 Pompei

157 1442 275 1502 ordines
290 1435 418 1520 dederat,
434 1451 608 1522 potestatem
619 1442 783 1503 transeundi
796 1444 832 1504 nd
846 1461 910 1503 eum
926 1439 1057 1502 omnibus
1068 1441 1150 1500 lecit.

155 1527 242 1587 Motis
263 1526 337 1606 apud
356 1525 480 1587 Ilerdam
503 1525 657 1588 deditionis
681 1526 913 1604 conditionibus,
932 1543 1011 1602 cum,
1035 1524 1151 1585 assiduo
1161 1544 1185 1585 rc

100 1609 104 1616 “
155 1613 380 1690 interutrasque
400 1620 498 1690 partes
517 1629 570 1670 usu
585 1619 670 1690 atque
690 1613 881 1688 commercio,
903 1609 1039 1670 Afranius
1053 1617 1084 1668 et
1099 1609 1151 1670 Pe·

155 1697 245 1754 troius
259 1694 461 1774 deprehensos
474 1697 547 1755 intra
563 1703 658 1756 castra
673 1694 799 1756 Iulianos
814 1695 907 1755 subita
921 1695 1098 1773 paenitentia
1111 1694 1152 1752 iu·

129 1840 132 1846 ,
154 1779 354 1856 terfecissent,
376 1779 526 1841 admissam
542 1779 574 1839 -iu
593 1798 627 1840 se
642 1780 790 1859 perfidiam
808 1786 874 1839 non'
886 1779 1018 1838 sustinuit
1037 1779 1152 1837 imitari.

154 1864 228 1924 Acie
242 1863 408 1925 Pharsalica
424 1863 615 1945 proclamauit
627 1873 658 1925 nt
673 1863 783 1926 ciuibus
797 1871 979 1945 parceretur,
998 1862 1151 1942 deinceps·

154 1950 210 2027 que
234 1950 339 2009 nemini
358 1966 416 2010 non
441 1956 557 2010 suorum
581 1968 665 2029 quem
684 1950 775 2010 uellet
798 1966 881 2008 unum
898 1949 989 2027 partis
1009 1946 1185 2007 adversaeuo
1229 1991 1230 2058 l

153 2051 273 2094 serrare
290 2034 447 2093 concessit.
490 2034 554 2094 Nec
567 2034 617 2093 ulli
631 2036 745 2112 perisse
758 2034 813 2092 nisi
827 2035 855 2091 in
868 2032 982 2112 proelio
999 2030 1151 2109 reperien-

152 2126 212 2192 tur,
232 2118 365 2195 exceptis
382 2115 447 2175 dum
467 2117 681 2177 taxatAlranio
702 2126 732 2177 et
749 2117 856 2177 Fausto
872 2126 902 2176 et
916 2114 1004 2175 larcio
1022 2112 1152 2175 Caesare

152 2200 272 2267 iuveuc;
294 2216 329 2258 ao
343 2218 383 2279 ¹ne
404 2199 460 2259 hos
481 2200 595 2279 quidem
612 2201 760 2261 uoluntate
779 2203 870 2281 ipsius
891 2202 1081 2279 interemptos
1098 2216 1151 2279 pu·

81 2346 84 2349 ,
152 2292 226 2359 tant,
249 2297 369 2361 quorum
389 2291 484 2342 tamen
506 2292 535 2343 et
555 2284 670 2362 priores
688 2294 759 2364 post
772 2287 951 2365 impetratam
971 2285 1084 2344 veniam
1103 2301 1150 2343 re·

152 2365 333 2426 bellaverunt
353 2373 383 2425 et
405 2364 529 2445 Caesar,
549 2366 661 2428 libertis
683 2370 833 2448 servisque
855 2370 917 2428 eius
936 2367 1017 2428 ferro
1037 2376 1067 2428 et
1087 2366 1185 2445 ignire

56 2458 62 2473 ‘
153 2450 301 2512 crudelem
314 2450 342 2509 in
356 2449 471 2510 modum
485 2452 613 2529 enectis,
628 2452 737 2514 bestias
753 2470 869 2532 qnoque
883 2452 1030 2513 ad'munus
1046 2450 1151 2531 populi

153 2542 332 2614 comparatas
346 2534 606 2596 contrucidaverat.
631 2536 763 2616 Denique
774 2544 906 2616 tempore
917 2545 1049 2596 exmemo
1062 2537 1152 2595 etiam

151 2620 253 2699 quibus
272 2619 397 2679 nondum
418 2616 570 2697 ignoverat
590 2623 700 2681 cunetis
725 2622 753 2680 in
772 2620 882 2681 ltaliam
900 2620 996 2680 redire
1017 2621 1153 2700 permisit
1229 2680 1231 2688 ,

91 2778 93 2782 Ι
150 2707 390 2784 magistratusque
409 2712 438 2780 et
453 2704 572 2784 imperia
593 2721 713 2784 capere;
733 2705 785 2765 sed
799 2714 829 2765 et
841 2712 949 2765 statuas
966 2704 1034 2763 Luci
1049 2704 1151 2763 Sullae

150 2795 235 2863 atqua
249 2787 369 2867 Pompei
391 2788 514 2868 a'plebe
531 2787 667 2850 disiectas
682 2791 828 2869 reposuit;
850 2806 887 2849 ac
904 2790 930 2847 si
950 2806 1005 2868 qua
1022 2787 1185 2867 posthacso

150 2878 198 2928 aut
213 2872 409 2945 cogitarentur
424 2874 541 2948 gravim
557 2872 696 2933 adversus
710 2890 742 2932 se
757 2881 804 2933 aut
819 2872 998 2948 dicerentur,
1013 2870 1151 2932 inhibere

149 2952 247 3011 maluit
262 2970 344 3031 quam
358 2954 514 3016 vindicare.
547 2956 647 3037 Itaque
662 2964 692 3015 at
702 2957 833 3017 detectas
848 2957 1063 3017 coniurationes
1076 2971 1150 3014 eon·

150 3044 311 3114 ventusque
326 3046 484 3099 nocturnos
498 3057 556 3099 non
571 3040 645 3099 ultra
661 3032 771 3117 ar'guit,
790 3058 873 3119 quam
886 3050 917 3099 ut
933 3040 1029 3099 edicto
1047 3048 1149 3098 osten-

137 3119 233 3203 deret
247 3138 315 3179 esse
332 3120 387 3179 sibi
401 3131 502 3200 notas,
521 3132 551 3182 ct
566 3122 673 3183 acerbe
693 3124 877 3203 loquentibus
892 3126 962 3185 satis
976 3122 1076 3183 babuit
1088 3138 1150 3201 pro

152 3206 287 3264 contione
301 3202 468 3265 denuntiare
483 3224 519 3265 ne
532 3216 771 3284 perseuerarent,
788 3208 913 3287 Aulique
929 3206 1073 3268 Caecinae
1088 3206 1184 3269 cri-as

150 3287 342 3348 minosissimo
366 3286 440 3347 libro
468 3298 497 3347 et
522 3288 645 3350 Pitholai
669 3292 839 3351 carminibus
859 3288 1150 3352 maledicentissimis
1229 3277 1231 3378 l

125 3428 129 3445 ,
150 3372 303 3434 laceratam
320 3372 558 3431 existimationem
573 3389 652 3435 suam
667 3375 744 3434 cirili
759 3376 851 3435 animo
866 3375 939 3434 tulit.
1197 3441 1202 3451 ι
1229 3417 1231 3486 7

108 3464 142 3519 76
213 3458 408 3535 Praegrauant
428 3464 521 3517 tamen
542 3466 640 3519 cetera
662 3458 738 3522 lacta
751 3458 884 3539 dictaque
901 3459 979 3536 eius,
999 3466 1031 3519 ut
1047 3466 1079 3519 et
1094 3456 1148 3520 ab·
1229 3495 1230 3544 1

189 3703 212 3743 k
