2475 3775
95 228 98 233 .
190 189 262 237 “vin
465 200 468 205 '
525 188 749 237 PRAEFATIO?

184 334 352 422 ,φιλόλογον
366 367 392 421 p.
401 354 463 420 276,
473 355 499 409 6.
518 340 740 417 303‚15Graeci.'
763 347 932 405 Libros-non
947 354 1011 406 ante
1026 361 1094 421 qna-

196 432 380 503 dragasimum
395 432 493 490 aetatis
508 447 612 487 annum
622 426 724 500 scion,
739 431 790 486 sed
800 432 900 487 dudum
912 433 1038 496 scribere
1047 434 1094 490 in·
1230 449 1231 508 t

187 514 325 573 stituerat
348 517 467 573 libellos·
484 515 615 586 quosdam
637 532 652 585 a
673 514 763 570 Plinio
785 516 928 572 admodum
950 516 1095 593 desidera-

196 604 255 663 tos;
272 600 318 670 qui
335 600 471 656 fuerintne
486 600 523 655 de
535 597 778 654 Virisillustrilrus
792 615 827 654 en
836 600 951 660 aliinon
962 600 1095 670 decerno,

196 689 273 737 carte
288 684 323 739 de
335 683 395 739 uita
412 682 558 739 Caesarum
575 675 716 751 aliquanto
729 687 795 753 post
804 682 903 738 edidit.
1230 663 1231 724 i

149 808 156 823 -‚
257 765 344 821 Plinio
369 772 476 823 mortuo
497 764 672 835 Tranquillus
696 766 731 843 ad
752 763 782 819 G.
810 765 972 837 Septicii
996 765 1095 823 clari
1120 789 1146 817 a
1230 783 1231 788 ¹

196 848 343 905 amicitiam
358 855 439 921 atque
455 848 683 917 cincinnatum,
698 848 743 903 eui
758 848 929 919 iampridem
941 856 971 905 ut
986 850 1094 906 amicis-

188 932 266 989 simo
286 932 367 988 Plinii
392 948 472 989 carus
494 948 558 987 esse
575 931 679 987 debuit.
723 932 750 987 ls
774 948 846 998 anne
864 939 915 993 119
937 934 1095 1005 praelectus

188 1017 338 1087 praetorio
364 1016 452 1072 iactus
472 1014 659 1085 Tranquillum
676 1014 908 1087 ,impremerirus
928 1022 988 1087 est,
1008 1022 1040 1071 at
1061 1018 1097 1072 da

195 1098 253 1155 vita
268 1097 416 1155 Caesarum
438 1098 527 1155 libros
545 1096 607 1153 Vlli
628 1098 656 1153 ei
671 1099 792 1158 mitteret
811 1116 838 1171 p.
854 1106 922 1170 286,
937 1106 969 1163 33
993 1101 1095 1171 quippe

197 1180 322 1253 Septicio
351 1182 468 1239 maxime
497 1178 689 1237 intercedente
715 1182 816 1238 lactum
845 1200 909 1240 csse
932 1184 1043 1240 videtur
1067 1190 1098 1238 ut

198 1264 698 1336 epistularummagisterium
712 1266 848 1337 simulque
863 1274 918 1323 uon
929 1266 1097 1334 mediocrem

196 1349 305 1418 gratiae
319 1342 410 1409 locum
426 1349 498 1421 apud
513 1348 681 1405 Hadrianum
695 1349 850 1421 principem
865 1368 897 1421 p.v
908 1355 958 1419 40,
972 1354 1007 1407 m
1025 1350 1097 1406 oliti-

196 1438 293 1501 neret‚
314 1434 390 1502 unde¹
409 1448 473 1487 mox
495 1449 547 1487 una
570 1447 631 1486 cnm
651 1433 739 1488 amico
760 1428 885 1489 deiectus
907 1438 958 1488 est.
983 1433 1099 1488 *Refert

189 1514 269 1569 enim
281 1514 443 1586 Spartianus
459 1532 518 1588 cap.
533 1522 575 1584 11,
589 1515 755 1571 Hadrianum
770 1516 949 1584 eBritannla,
964 1516 1011 1570 uiri
1026 1530 1097 1570 anno

196 1603 246 1655 lul
262 1614 339 1654 muro
353 1600 405 1669 per
415 1598 509 1655 LXXX
526 1595 600 1655 milia
614 1613 743 1670 passuum
759 1598 886 1653 ducendo
900 1598 1021 1652 intentus
1036 1598 1097 1651 lue·
1127 1622 1130 1625 ⁴

90 1728 92 1734 ,
196 1681 249 1750 rit,
273 1680 399 1752 Septicio
414 1680 496 1737 Claro
511 1682 656 1754 praefecto
671 1680 805 1753 praetorii
819 1687 848 1737 et
862 1680 995 1735 Suetonio
1011 1680 1096 1735 Tran-

142 1810 144 1817 .
196 1763 284 1833 quillc
306 1764 485 1835 epistularum
510 1765 644 1835 magistro
667 1759 815 1833 multisque
840 1763 921 1833 aliis,
940 1779 1011 1835 quos
1025 1763 1098 1834 apud

190 1846 327 1909 sabinam
349 1864 464 1906 uxorem
485 1848 593 1905 iniussu
612 1840 664 1912 sud
684 1845 850 1904 familiarius
868 1864 900 1903 se
922 1852 986 1902 tnnc
1003 1847 1099 1918 egisse

197 1938 365 2003 cognosset,
391 1949 472 2005 quam
497 1933 656 1989 reverentia
676 1933 773 2002 domus
797 1931 905 1986 aulicae
933 1931 1097 2003 postularet,

148 2030 151 2036 ·
196 2031 376 2072 successores
393 2017 514 2073 dedisse.
559 2017 698 2071 llorosam
717 2014 833 2070 enimet
853 2030 978 2085 asperam
1000 2014 1099 2070 mulie-

194 2113 401 2168 rempercsus,
417 2099 481 2168 quia
491 2098 633 2154 dimittere
646 2097 777 2169 principe
789 2113 822 2152 se
835 2113 890 2152 non
904 2097 973 2152 satis
986 2098 1099 2167 dignum

159 2194 162 2200 ·
197 2171 388 2250 eriistimaltal‚
412 2187 442 2236 et
463 2181 536 2237 omni
561 2187 757 2236 extraneorum
774 2186 856 2235 coetu
879 2181 1024 2251 prohibuit
1046 2193 1099 2233 nee

196 2269 285 2318 tamen
303 2262 458 2340 despicatui
474 2279 537 2319 esse
553 2263 653 2318 aulicis
670 2278 771 2334 passus
786 2269 839 2320 est.
878 2263 1028 2320 Suetonius
1043 2258 1098 2332 quo

133 2349 136 2356 ’
195 2351 321 2416 tempore
335 2347 406 2400 lianc
417 2347 595 2404 acerbitatem
609 2346 745 2420 principis
761 2352 893 2417 expertus
909 2353 952 2402 est
965 2346 1098 2417 quinqua-

196 2428 327 2499 genarius
354 2429 423 2498 luit,
452 2429 582 2500 vitaeque
606 2430 679 2501 quod
705 2428 759 2484 luit
784 2431 920 2501 reliquum
947 2429 1099 2484 litterarum

195 2511 288 2566 studio
305 2512 573 2584 conscribendisque
588 2513 671 2568 libris
687 2513 801 2568 dedisse
815 2514 934 2568 videtur.

256 2594 439 2652 Nouissimam
454 2596 512 2655 vivi
527 2597 694 2653 mentionem
705 2594 805 2652 laetam
820 2597 905 2652 rideo
917 2613 932 2651 a
944 2597 978 2650 ll.
989 2596 1052 2650 Fre
1062 2611 1099 2647 n-

195 2683 278 2734 tone
294 2679 322 2732 in
341 2679 461 2750 epistula
476 2680 510 2735 ad
522 2680 557 2734 ill.
569 2680 714 2735 Aurelium
729 2681 934 2736 adulescentem
950 2679 1023 2746 data,
1039 2677 1099 2730 edi-

195 2761 281 2818 tionis
293 2761 510 2820 liediclanensis
525 2781 552 2836 p
558 2770 627 2835 ,103,
643 2764 780 2820 Romanae
795 2759 1099 2835 praenestinensis

160 2839 163 2844 ’
194 2859 223 2916 p.
241 2849 283 2902 16¹.
319 2843 384 2905 Eam
403 2847 549 2917 epistulam
562 2847 712 2919 postremis
727 2847 857 2902 Hadriani
874 2845 952 2900 aunis
970 2845 1101 2918 scriptam

136 2923 139 2928 ’
199 2927 296 2983 statuit
312 2927 491 3001 Niebulrrius,
507 2930 628 2988 lortasse
643 2929 747 2985 rectius
763 2928 859 3000 primis
874 2926 1100 3000 Piitemp'cribus

36 3009 38 3016 '
198 3010 352 3067 tribuisset.
396 3012 458 3068 Fuit
473 3014 583 3084 quidem
599 3012 702 3069 vetusti
723 3011 831 3066 codicis
845 3012 947 3083 pagina
963 3012 1011 3067 illa
1030 3009 1102 3065 adeo

196 3094 378 3164 oblitterata,
392 3101 423 3149 ut
436 3113 523 3168 pauca
539 3097 597 3168 legi
612 3095 755 3168 potuerint
768 3110 856 3164 eaque
871 3111 967 3166 pamm
981 3095 1055 3148 iuter
1069 3109 1101 3148 se

200 3177 389 3232 cohaerentia.
432 3179 534 3234 Verum
551 3197 611 3235 cnm
627 3179 714 3234 verba
730 3183 830 3247 reputo
851 3171 867 3207 *
884 3177 1038 3247 Tranquilli
1057 3178 1101 3229 in·

199 3258 335 3324 ductrice,
355 3262 404 3334 qni
414 3263 472 3316 nist
480 3265 564 3318 sciret
575 3267 676 3334 quanto
692 3273 776 3330 opere
789 3273 833 3314 me
847 3261 987 3335 dilueres,
1007 3260 1101 3314 colun·

200 3345 301 3400 terium
316 3343 370 3400 doe
385 3349 519 3417 nepotmm
532 3346 584 3401 etti
595 3360 742 3415 numquam
754 3346 917 3414 expectant,
933 3344 1053 3414 itemque
1068 3358 1100 3397 ea

153 3449 155 3456 a
197 3442 272 3498 puae
287 3429 459 3499 praecedunt
472 3429 580 3488 Invenit
595 3433 685 3506 eutem
698 3439 740 3480 me
756 3425 948 3498 Truentinas,
970 3443 1030 3482 cnm
1045 3424 1100 3497 sri-
