2475 3775
150 134 213 198 218
235 148 265 201 c.
279 145 431 197 snuuom
442 147 572 206 anano
584 148 632 196 nn
645 148 729 196 vrrs
741 145 1004 198 cssssnummn.
1017 149 1079 198 vu.

18 356 19 371 ,
149 304 243 364 maiae
258 303 384 380 amovit,
408 320 472 363 oum
486 301 623 363 libertino
639 290 750 363 cuidam
764 301 897 364 scantin
912 301 1041 364 debitum
1056 313 1141 385 rapo·
1201 359 1204 372 ,

18 448 19 481 ,
111 414 114 431 ι
149 388 243 450 sceuti
263 387 427 447 iniuriarum
441 386 601 464 formulam
617 387 699 465 quasi
715 387 797 449 calae
811 387 848 448 ab
863 404 900 448 eo
918 405 1086 466 percussus,
1101 393 1139 449 in·

18 526 22 541 ,
148 471 290 533 tendisset
304 488 361 532 nea
382 471 466 553 aliter
479 486 565 550 mam
579 472 701 531 extortis
717 473 923 550 quinquaginta
939 474 1082 538 sestertiis
1095 487 1138 534 re·
1170 489 1171 494 ¹

67 602 70 607 ,
147 557 285 617 misisset.
631 563 633 570 ⁴
837 591 838 594 κ

212 634 424 701 attentantem
446 639 522 699 male
546 640 684 700 animatas
709 649 780 717 erga
807 641 968 720 principem
994 643 1161 703 exercitans

148 742 317 806 pronusque
332 724 433 784 adres
448 741 540 784 novas
558 722 654 784 libens
673 740 710 783 ac
726 725 838 802 supinis
859 723 988 785 manibus
1011 728 1137 805 excepit,

18 872 19 881 ,
148 810 228 870 velut
243 809 330 869 dono
339 808 424 869 deum
438 807 577 884 oblatum,
595 817 642 867 ter
657 807 784 868 consulis
799 807 896 886 liliam,
908 817 1004 869 aetate
1015 811 1136 888 integra,

18 898 19 907 ’
98 952 100 962 ,
146 890 227 955 iacili
242 909 277 952 ac
295 893 421 975 prodigo
438 892 543 952 auimo.
569 891 662 966 Quam
676 899 805 952 nemnem
821 891 857 952 de
873 907 906 952 se
918 895 1137 972 persuasionem

146 976 283 1039 vitellius
298 975 469 1036 recentibus
482 977 568 1035 etiam
583 976 935 1056 experimentisaiusarat,
953 985 1015 1038 tcta
1030 978 1077 1038 via
1093 995 1136 1038 ca·
1211 1047 1215 1056 ,

141 1063 302 1139 ligatorum
317 1058 567 1139 quoquemilitum
582 1058 688 1120 obvios
700 1061 884 1138 exosculans,
899 1076 1012 1140 perque
1026 1061 1134 1131 stabula
1145 1079 1165 1119 uo

146 1162 182 1204 ac
195 1144 365 1204 deversoria
379 1143 552 1204 mulionibus
567 1144 771 1207 acviatoribus
783 1145 1024 1224 praetermodum
1038 1147 1136 1224 comis,

145 1237 177 1288 ut
190 1246 273 1288 mane
288 1227 430 1305 singulos,
446 1228 549 1289 iamne
559 1229 747 1305 initiassent,
764 1229 961 1290 sciscitaretur
982 1246 1073 1309 seque
1096 1231 1136 1290 le·

111 1315 225 1381 acisse
239 1321 323 1375 motu
339 1329 455 1393 quoque
471 1312 650 1373 ostenderet.
676 1301 788 1374 'Castra
804 1317 875 1374 veto
896 1316 1048 1391 ingressus
1069 1313 1137 1374 nibil

72 1412 77 1420 ⁸
147 1400 279 1475 cuiquam
294 1397 430 1476 poscenti
444 1399 564 1474 negavit
577 1406 664 1476 atque
679 1399 764 1458 etiam
778 1397 853 1458 ultro
872 1399 1074 1475 ignominiosis
1088 1413 1136 1458 ao·

144 1491 200 1560 tas,
216 1483 276 1542 reis
293 1482 408 1557 sordes,
425 1480 564 1543 damnatis
579 1481 724 1560 supplicia
743 1476 874 1560 dempsit·
903 1481 1002 1558 Quare
1023 1483 1169 1542 virdunus

144 1583 245 1637 meuse
257 1575 414 1642 transacto,
427 1583 523 1645 neque
535 1565 591 1632 diei
602 1583 697 1644 neque
709 1567 850 1644 temporis
859 1568 973 1644 ratione
985 1563 1093 1644 habita,
1105 1584 1140 1627 ao

144 1652 201 1710 iam
211 1667 350 1728 vespere,
360 1647 454 1708 subito
466 1649 628 1710 amilitibus
639 1667 657 1707 e
669 1647 802 1708 cubiculo
814 1659 923 1729 raptus,
934 1652 973 1711 ita
985 1659 1015 1709 ut
1025 1659 1100 1727 erat,
1112 1653 1140 1710 iu

144 1742 228 1794 veste
241 1733 412 1811 domestica,
428 1736 588 1812 imperator
609 1741 654 1792 est
677 1733 871 1794 consalutatus
897 1734 1139 1814 circumlatusque

146 1836 199 1899 per
216 1817 427 1878 celeberrimos
440 1817 540 1895 vicos,
564 1819 693 1877 strictum
716 1817 781 1878 ltiv'i
801 1817 865 1879 iulii
883 1817 1011 1897 gladium
1024 1827 1139 1895 teneus,

143 1904 304 1964 detractum
319 1903 440 1964 delubro
456 1902 557 1964 blartls
571 1910 658 1982 atque
673 1902 701 1962 iu
719 1905 810 1982 prima
827 1904 1018 1981 gratulatione
1031 1904 1168 1983 'porsena

89 2018 92 2024 Δ
144 1996 220 2048 otum
235 1987 290 2046 sibi
306 2006 322 2047 a
338 1988 477 2066 quodam;
495 2004 552 2048 nec
566 1995 633 2047 unte
652 1988 682 2045 in
696 1988 872 2065 praetorium
889 1987 973 2065 rediit
988 1999 1073 2067 quam
1089 1988 1138 2049 da

141 2078 247 2147 guanto
261 2071 387 2131 triclinio
404 2090 443 2131 ex
458 2081 603 2150 conceptu
619 2072 738 2149 camini,
756 2088 819 2131 cum
835 2071 949 2149 quidem
968 2080 1138 2134 consterna·

142 2155 179 2212 tis
202 2161 231 2210 et
254 2155 336 2230 quasi
357 2156 452 2214 omine
475 2154 600 2216 adverso
613 2155 715 2215 ‘anxiis
738 2154 885 2233 omnibus,
907 2152 1013 2233 Bono,
1036 2158 1137 2235 inquit,
1221 2202 1222 2211 ,

143 2235 246 2296 animo
260 2238 375 2297 estote!
389 2236 482 2297 nobis
492 2237 638 2308 attacta
654 2235 733 2298 nullo
750 2254 884 2317 sermone
899 2240 957 2301 allo
975 2240 1051 2319 apud
1065 2240 1137 2300 mili·
1211 2262 1222 2295 υ

72 2335 74 2342 “
141 2328 187 2381 tes
209 2338 287 2379 usus.
312 2315 660 2381 'consentiente-deiude
677 2325 764 2382 etiam
787 2324 947 2403 superioris
963 2325 1169 2403 provinciaess

142 2399 286 2481 exercitu,
302 2406 350 2483 qui
366 2406 446 2484 prius
461 2423 479 2465 a
493 2403 585 2465 Galba
601 2404 638 2465 ad
653 2414 781 2485 senatum
796 2407 1139 2485 deleuerat,cognomeu

142 2487 307 2550 Germanioi
322 2488 445 2550 delatum
455 2488 494 2548 ab
504 2489 647 2550 universis
657 2488 761 2568 cupide
772 2485 896 2574 recepit,
911 2493 1035 2569 Augusti
1048 2492 1137 2553 distu-
1221 2528 1222 2547 2

108 2572 184 2650 alit,
203 2572 338 2635 Caesaris
352 2575 381 2633 in
397 2581 568 2653 perpetuum
583 2574 739 2633 recusavit.
767 2576 812 2636 Ac
828 2575 948 2635 subinde
964 2576 1057 2637 caede
1069 2576 1137 2638 Gal·
1221 2596 1222 2601 ¹

141 2657 197 2717 bae
213 2658 386 2734 adnuntiata,
404 2657 574 2736 compositis
586 2656 764 2719 Germanicis
778 2658 877 2737 rebus,
894 2662 1015 2740 partitus
1027 2670 1073 2720 est
1086 2676 1137 2720 co·

119 2778 124 2790 ,
141 2742 215 2817 pias,
232 2760 304 2820 quas
318 2742 459 2802 adversus
470 2741 613 2801 Othonem
625 2736 831 2821 praemitteret,
848 2762 978 2823 quasque
991 2745 1054 2823 ipse
1066 2762 1137 2823 per·
1147 2760 1171 2804 so

141 2821 270 2881 duceret.
299 2826 462 2886 Praemisso
477 2828 592 2903 agmine
608 2826 713 2886 laetum
728 2829 824 2887 evenit
845 2829 1021 2907 auspicium,
1046 2828 1137 2906 siqui·

111 2918 118 2934 s
140 2903 206 2994 dem
226 2922 242 2963 a
265 2918 347 2983 parte
371 2910 472 2970 dextra
493 2918 616 2987 repente
637 2911 732 2988 aquila
754 2909 918 2989 advolavit,
947 2911 1140 2989 lustratisque

141 2986 233 3063 signis
247 2990 400 3064 ingressos
416 2996 492 3053 viam
509 2994 616 3053 sensim
631 2996 798 3054 antecessit.
829 2995 869 3057 At
880 3002 982 3055 contra
995 2998 1060 3075 ipso
1072 3010 1139 3055 mo·

140 3078 243 3153 sente,
267 3080 377 3133 statuae
399 3084 571 3154 equestres,
589 3094 660 3135 ‘cum
686 3078 863 3158 plurifariam
887 3082 914 3140 ei
942 3072 1140 3158 ponerentur,

39 3225 41 3230 ,
138 3153 241 3212 fractis
256 3164 378 3231 repente
393 3158 524 3218 cruribus
540 3160 649 3237 pariter
664 3174 848 3242 corruerunt,
872 3173 901 3224 et
915 3163 1030 3242 laurea,
1047 3180 1175 3242 mamas

139 3236 359 3314 religiosissime
383 3242 628 3321 circumdederat,
653 3245 682 3304 ln
703 3246 895 3324 profluentem
916 3248 1041 3317 excidia
1060 3262 1141 3308 mox

139 3321 269 3381 Viennae
285 3338 339 3399 pro
356 3321 489 3383 tribunali
506 3326 567 3385 iura
588 3326 719 3387 reddenti
741 3330 920 3406 gallinaceus
941 3348 1029 3411 supra
1051 3348 1141 3391 ume-

138 3420 200 3463 mm
214 3423 250 3465 ac
265 3404 369 3468 deinde
384 3405 412 3465 in
429 3409 524 3484 capite
543 3411 639 3469 astitit.
670 3410 780 3486 Quibus
796 3416 918 3477 ostentis
933 3430 987 3493 par
1008 3432 1143 3495 respou-
