2475 3775
102 138 162 210 1'66
203 120 234 208 οξ
246 157 396 208 suuuoru
407 135 536 225 ramo.
551 158 599 206 ors
611 155 695 206 vrrs
710 121 894 208 onnsnsu'u
915 157 984 206 nra.
998 157 1030 204 v.
1069 193 1072 200 ,

85 308 198 376 'niasse
213 331 249 374 se
262 315 319 372 vim
336 313 364 372 ei
378 308 415 372 ab
429 313 529 393 Appio
548 312 680 382 inlatam;
703 311 812 389 altera,
834 313 864 370 in'
884 311 1101 372 admirationem

99 399 237 475 formata,
258 396 319 456 sibi'
336 400 451 476 'quoqne
474 395 606 478 sannen*
617 395 747 475 speciem
766 397 877 474 aliquot
891 397 947 456 iam
966 395 1100 456 noctibus

100 482 252 542 obversari
275 481 399 551 rettudit3
426 499 484 540 nec
504 479 593 539 multo
608 489 677 559 post
696 497 734 540 ex
753 479 916 560 composito
937 480 1101 560 inrumpere

100 566 216 645 Appius
230 567 391 642 nuntiatus,
414 567 459 624 cni
473 563 568 644 pridie
583 563 619 624 ad
633 563 662 622 id
675 565 815 644 temporis
832 573 862 624 ut
884 563 1001 624 adesset
1017 560 1100 646 prae-

102 658 218 729 ceptum
232 656 311 726 erat,
333 650 415 728 quasi
430 649 517 727 plane
539 657 810 726 repraesentaretur
826 649 929 708 somnii
948 647 1035 726 fides,
1057 667 1122 710 aro

102 735 179 794 cessi
200 734 294 793 statim
312 751 347 792 ao
370 733 443 792 mori
462 732 558 801 iussus
583 739 637 792 est.
670 731 734 806 Nec
756 731 894 793 dubitavit
917 741 1037 811 postero
1055 731 1102 792 die

102 817 239 880 Claudius
259 816 390 877 ordinem
411 817 454 875 rei
473 824 577 895 gestae
592 816 727 895 perferre
744 816 781 876 ad
796 817 926 876 senatum
946 834 981 876 ac
995 816 1101 877 liberto

100 903 211 981 gratias
229 911 338 978 agere,
350 899 436 982 'quod
450 899 620 981 projsalute'
643 917 695 960 sua
706 901 793 960 ‘etiam
815 900 962 961 dormiens
977 900 1101 961 excuba-

58 996 158 1056 38ret.
181 984 247 1046 lrae
268 993 355 1063 atquc
374 983 541 1044 iracundiae
557 983 694 1064 conscius
705 984 776 1062 sibi,
792 993 942 1064 utramque
952 985 1103 1046 excusarit

103 1060 200 1131 edicto
215 1067 417 1146 distinxitque,
435 1067 584 1149 pollicitus
599 1067 732 1128 alterum
736 1068 865 1165 paridem
879 1067 1007 1156 beroem
1014 1077 1055 1149 ct
1054 1069 1106 1152 51¹5..
1112 1083 1136 1152 ro

14 1225 18 1230 ,
99 1153 245 1231 sociam,
264 1153 396 1213 alteram
407 1170 470 1214 non
482 1151 629 1212 iniustum
642 1151 739 1230 fore.⁶
751 1151 949 1233 Ostiensibus,
965 1155 1030 1232 quia
1048 1149 1104 1213 sibi
1223 1173 1224 1190 ι

68 1234 237 1298 subeunti
252 1236 378 1297 Tiberim
394 1234 517 1315 scaphas
533 1235 649 1297 obviam
663 1253 723 1299 non
732 1237 877 1316 miserint,
895 1240 1024 1315 graviter
1039 1255 1102 1298 cor·

100 1322 209 1403 replis,
234 1339 329 1400 eaque
350 1339 414 1382 cnm
435 1320 557 1399 inuidia,
581 1330 612 1380 ut
635 1322 664 1380 in
681 1319 809 1380 ordinem
829 1323 861 1382 se
883 1330 1016 1382 coactum
1035 1339 1102 1382 oon-

101 1405 262 1484 scr'iheret,
291 1416 413 1485 repente
435 1413 543 1466 tantum
563 1422 622 1464 non
647 1407 716 1465 satis
733 1406 871 1466 facientis
887 1405 973 1465 modo
990 1408 1106 1466 veniam

44 1535 47 1540 -
102 1491 200 1555 deuio
214 1490 361 1567 Quosdam
383 1492 417 1551 iu'
433 1489 553 1569 publico
570 1504 671 1568 parum
683 1491 857 1569 tempestive
873 1488 1004 1551 adeuntis
1018 1502 1137 1550 manum
1218 1538 1221 1549 .

101 1594 153 1635 soa
174 1569 311 1654 reppulit.
345 1575 418 1634 Item
440 1572 570 1635 scribam
587 1574 811 1653 quaestorium,
825 1575 951 1653 itemque
968 1583 1104 1653 praetura

100 1660 229 1724 functum
244 1668 410 1734 senatorem
424 1657 568 1718 inauditos
586 1666 617 1717 et
631 1658 766 1719 innoxios
782 1659 943 1736 relegavit,
962 1658 1039 1736 quod
1053 1657 1103 1716 ille

101 1743 242 1804 adversus
259 1744 399 1822 privatum
416 1761 448 1803 se
465 1743 704 1822 intemperantius
725 1742 870 1819 affuisset,
892 1741 941 1802 bio
957 1741 1103 1816 insaedili·

101 1837 160 1889 tate
192 1827 348 1906 inquilinos
370 1827 553 1908 praediorum
580 1844 714 1905 suornm,
747 1836 850 1888 contra
874 1827 993 1888 vetitum
1019 1829 1104 1888 cocta

45 1943 47 1948 ·
102 1912 276 1990 vendentes,
306 1913 457 1973 multasset
487 1912 663 1991 uilicumque
689 1913 928 1973 intervenientem
956 1910 1137 1987 flagellas-ao

101 2006 158 2139 squ.
190 1996 254 2070 Qua
272 1995 310 2055 de
330 2015 417 2073 causa
435 1996 521 2082 etiam
543 1998 749 2057 coercitionem
766 1997 937 2077 popinarum
961 1994 1103 2056 aedilibus
1191 2032 1194 2043 ·

101 2080 218 2141 aemil.
492 2110 495 2116 ,
570 2122 624 2140 .„
762 2083 766 2089 ’
871 2119 888 2131 ,«
980 2082 983 2087 ’

167 2159 214 2221 Ac
236 2180 273 2222 ne
294 2162 441 2223 stultitiam
463 2165 576 2241 quidem
597 2182 678 2224 suam
690 2164 825 2241 reticuit,
848 2162 1064 2242 simulatamque
1087 2181 1104 2223 a

102 2264 137 2306 se
151 2264 190 2305 ex
205 2244 344 2305 industria
360 2245 413 2305 snb
429 2245 516 2323 (laio,
540 2247 618 2325 quod
634 2248 717 2307 aliter
737 2266 876 2309 evasurus
891 2257 1102 2327 ¹perventurus·

103 2348 161 2409 que
177 2328 214 2389 ad
231 2338 395 2409 susceptam
409 2331 563 2408 stationem
576 2331 748 2409 noniuerit,
763 2331 931 2411 quibusdam
942 2334 1102 2393 oratiuncu-
1112 2349 1137 2389 ιι

101 2416 139 2474 lis
153 2419 277 2474 testatus
288 2423 347 2483 est;
366 2432 423 2473 nec
433 2422 529 2475 tamen
541 2416 706 2493 persuasit,
723 2428 786 2476 cnm
795 2418 875 2477 intra
886 2415 978 2476 breve
991 2412 1104 2493 tempus

101 2498 178 2578 liber
196 2492 289 2559 editus
307 2500 359 2575 sit,
375 2496 421 2557 oiri
434 2498 522 2558 index
537 2507 600 2560 erat
611 2496 751 2580 Musonio
768 2490 1000 2577 ἐπανάσταὶῖις,
1018 2518 1103 2577 argu·

67 2656 70 2662 1
102 2586 229 2644 mentum
243 2592 353 2661 antem,
371 2582 517 2665 stultitiam
532 2584 677 2645 neminem
694 2585 817 2662 fingere.
966 2605 969 2611 ·

61 2677 96 2731 39
160 2665 247 2727 luter
261 2678 359 2729 cetera
371 2668 399 2727 in
411 2684 447 2727 eo
459 2669 551 2729 mirati
565 2676 631 2728 sunt
643 2668 774 2729 homines
789 2679 818 2729 et
833 2668 1010 2729 oblivionem
1022 2676 1052 2727 et
1062 2669 1103 2726 in·

104 2750 355 2829 considerantiam,
366 2745 453 2813 velut
460 2752 574 2814 Graece
586 2751 689 2829 dicam,
701 2750 886 2833 μετεωρίαν
893 2762 922 2812 et
928 2740 1102 2831 intectas.
1113 2766 1138 2809 ao

104 2830 211 2891 Occisa
221 2833 393 2913 *Messalinm
409 2836 497 2916 paolo
514 2844 583 2916 post
597 2853 680 2915 quam
694 2837 724 2895 in
740 2836 865 2896 triclinio
882 2835 1031 2913 decubuit,
1048 2854 1105 2896 cur

103 2914 231 2975 domino
250 2936 312 2977 noo
331 2920 450 2980 vendet
467 2920 608 3002 requisiit.
640 2919 809 2980 Multos-ex
826 2922 878 2998 iis,
909 2938 983 3000 qnos
1008 2921 1105 2999 capito

104 2997 304 3075 damnaverat,
326 3005 558 3079 postero'statim
578 3002 625 3063 die
641 3012 678 3067 ¹et
699 3004 728 3063 iu
744 3006 894 3065 consilium
918 3014 948 3064 et
967 3004 1003 3065 ad
1020 3004 1104 3064 aleae

103 3082 197 3141 lusum
213 3081 360 3154 admoneri
376 3086 464 3145 iussit
473 3096 518 3164 et,
536 3088 617 3165 quasi
632 3096 829 3166 morarentur,
844 3098 875 3148 ut
891 3081 1105 3148 somniculosos

104 3182 158 3243 per
174 3166 300 3226 nuntium
316 3167 469 3247 increpuit.
489 3170 636 3230 Ducturns
651 3174 810 3234 contraius
825 3174 1016 3253 Agrippinam
1031 3188 1103 3231 uxo·
1113 3190 1138 3232 as

103 3266 178 3325 rem,
196 3267 255 3309 non
276 3252 403 3309 cessavit
423 3254 499 3311 omni
522 3256 654 3314 oratione
674 3254 774 3333 filiam
792 3253 828 3317 et
841 3256 997 3319 alumnam
1021 3261 1051 3315 et
1070 3255 1105 3313 io

101 3336 219 3408 prescio
234 3350 291 3394 ano
304 3338 412 3393 cotom
427 3340 519 3413 atque
534 3336 698 3397 educatam
712 3341 892 3419 praedicare.
929 3340 1105 3401 Adsciturns

104 3414 135 3475 in
154 3435 259 3478 nomen
285 3416 450 3494 Neronem,
481 3418 562 3495 quasi
588 3434 690 3498 parum
716 3420 994 3501 reprehenderetur,
1023 3417 1103 3499 quod
1214 3427 1221 3580 Ι

154 3682 181 3725 ι
280 3665 284 3678 .
