<?xml version="1.0" encoding="UTF-8"?>
<!DOCTYPE html PUBLIC "-//W3C//DTD XHTML 1.0 Transitional//EN"
    "http://www.w3.org/TR/xhtml1/DTD/xhtml1-transitional.dtd">
<html xmlns="http://www.w3.org/1999/xhtml" xml:lang="en" lang="en">
 <head>
  <title>
</title>
<meta http-equiv="Content-Type" content="text/html;charset=utf-8" />
  <meta name='ocr-system' content='tesseract 3.04.00' />
  <meta name='ocr-capabilities' content='ocr_page ocr_carea ocr_par ocr_line ocrx_word'/>
</head>
<body>
  <div class='ocr_page' id='page_1' title='image "./csuetonitranqui03rothgoog_0247.png"; bbox 0 0 2475 3775; ppageno 0'>
   <div class='ocr_carea' id='block_1_1' title="bbox 502 126 1123 218">
    <p class='ocr_par' dir='ltr' id='par_1_1' title="bbox 502 126 1123 218">
     <span class='ocr_line' id='line_1_1' title="bbox 502 126 1123 218; baseline -0.008 -10"><span class='ocrx_word' id='word_1_1' title='bbox 502 160 534 209; x_wconf 88' lang='lat' dir='ltr'><strong>c.</strong></span> <span class='ocrx_word' id='word_1_2' title='bbox 554 126 738 210; x_wconf 76' lang='lat' dir='ltr'><strong>eumenen.</strong></span> <span class='ocrx_word' id='word_1_3' title='bbox 1064 155 1123 218; x_wconf 86' lang='lat'><strong>137</strong></span> 
     </span>
    </p>
   </div>
   <div class='ocr_carea' id='block_1_2' title="bbox 15 315 1221 3407">
    <p class='ocr_par' dir='ltr' id='par_1_2' title="bbox 122 315 1160 651">
     <span class='ocr_line' id='line_1_2' title="bbox 123 315 1121 395; baseline 0.012 -23"><span class='ocrx_word' id='word_1_4' title='bbox 123 329 187 372; x_wconf 89' lang='lat' dir='ltr'><strong>rum</strong></span> <span class='ocrx_word' id='word_1_5' title='bbox 203 321 235 376; x_wconf 88' lang='lat' dir='ltr'><strong>nt</strong></span> <span class='ocrx_word' id='word_1_6' title='bbox 251 315 380 374; x_wconf 86' lang='lat' dir='ltr'><strong>irrita-et</strong></span> <span class='ocrx_word' id='word_1_7' title='bbox 393 331 489 390; x_wconf 75' lang='lat' dir='ltr'><strong>rana,</strong></span> <span class='ocrx_word' id='word_1_8' title='bbox 508 331 704 394; x_wconf 87' lang='lat' dir='ltr'><strong>quoscumque</strong></span> <span class='ocrx_word' id='word_1_9' title='bbox 721 316 784 395; x_wconf 89' lang='lat' dir='ltr'><strong>quis</strong></span> <span class='ocrx_word' id='word_1_10' title='bbox 797 317 909 378; x_wconf 87' lang='lat' dir='ltr'><strong>diecret</strong></span> <span class='ocrx_word' id='word_1_11' title='bbox 924 317 1033 380; x_wconf 80' lang='lat' dir='ltr'><strong>herede</strong></span> <span class='ocrx_word' id='word_1_12' title='bbox 1050 320 1121 384; x_wconf 81' lang='lat' dir='ltr'><strong>Gae-</strong></span> 
     </span>
     <span class='ocr_line' id='line_1_3' title="bbox 125 385 1120 482; baseline 0.011 -26"><span class='ocrx_word' id='word_1_13' title='bbox 125 412 191 456; x_wconf 90' lang='lat' dir='ltr'><strong>sare</strong></span> <span class='ocrx_word' id='word_1_14' title='bbox 203 398 276 456; x_wconf 86' lang='lat' dir='ltr'><strong>mori</strong></span> <span class='ocrx_word' id='word_1_15' title='bbox 291 396 462 459; x_wconf 87' lang='lat' dir='ltr'><strong>destinasse.</strong></span> <span class='ocrx_word' id='word_1_16' title='bbox 500 399 563 474; x_wconf 78' lang='lat' dir='ltr'><strong>Quo</strong></span> <span class='ocrx_word' id='word_1_17' title='bbox 578 385 776 462; x_wconf 83' lang='lat' dir='ltr'><strong>uetu&#39;iniecto</strong></span> <span class='ocrx_word' id='word_1_18' title='bbox 792 417 856 460; x_wconf 88' lang='lat' dir='ltr'><strong>eum</strong></span> <span class='ocrx_word' id='word_1_19' title='bbox 871 403 925 460; x_wconf 88' lang='lat' dir='ltr'><strong>iam</strong></span> <span class='ocrx_word' id='word_1_20' title='bbox 938 412 969 462; x_wconf 85' lang='lat' dir='ltr'><strong>et</strong></span> <span class='ocrx_word' id='word_1_21' title='bbox 989 403 1024 463; x_wconf 87' lang='lat' dir='ltr'><strong>ab</strong></span> <span class='ocrx_word' id='word_1_22' title='bbox 1040 407 1120 482; x_wconf 80' lang='lat' dir='ltr'><strong>igue</strong></span> 
     </span>
     <span class='ocr_line' id='line_1_4' title="bbox 124 481 1120 564; baseline 0.012 -26"><span class='ocrx_word' id='word_1_23' title='bbox 124 482 161 538; x_wconf 93' lang='lat' dir='ltr'><strong>tis</strong></span> <span class='ocrx_word' id='word_1_24' title='bbox 177 481 253 540; x_wconf 87' lang='lat' dir='ltr'><strong>inter</strong></span> <span class='ocrx_word' id='word_1_25' title='bbox 263 481 424 543; x_wconf 74' lang='lat' dir='ltr'><strong>familiares</strong></span> <span class='ocrx_word' id='word_1_26' title='bbox 439 490 470 542; x_wconf 89' lang='lat' dir='ltr'><strong>et</strong></span> <span class='ocrx_word' id='word_1_27' title='bbox 481 499 507 544; x_wconf 80' lang='lat' dir='ltr'><strong>a</strong></span> <span class='ocrx_word' id='word_1_28' title='bbox 521 481 688 560; x_wconf 86' lang='lat' dir='ltr'><strong>parentibus</strong></span> <span class='ocrx_word' id='word_1_29' title='bbox 703 483 778 544; x_wconf 88' lang='lat' dir='ltr'><strong>inter</strong></span> <span class='ocrx_word' id='word_1_30' title='bbox 793 483 901 545; x_wconf 90' lang='lat' dir='ltr'><strong>liberos</strong></span> <span class='ocrx_word' id='word_1_31' title='bbox 922 486 1016 564; x_wconf 87' lang='lat' dir='ltr'><strong>palam</strong></span> <span class='ocrx_word' id='word_1_32' title='bbox 1033 487 1120 550; x_wconf 88' lang='lat' dir='ltr'><strong>beree</strong></span> 
     </span>
     <span class='ocr_line' id='line_1_5' title="bbox 122 564 1160 651; baseline 0.012 -29"><span class='ocrx_word' id='word_1_33' title='bbox 122 573 351 642; x_wconf 63' lang='lat' dir='ltr'><strong>nuncuparetur,</strong></span> <span class='ocrx_word' id='word_1_34' title='bbox 377 564 525 628; x_wconf 83' lang='lat' dir='ltr'><strong>derisores</strong></span> <span class='ocrx_word' id='word_1_35' title='bbox 539 565 680 646; x_wconf 84' lang='lat' dir='ltr'><strong>vocabat,</strong></span> <span class='ocrx_word' id='word_1_36' title='bbox 707 566 784 646; x_wconf 86' lang='lat' dir='ltr'><strong>quod</strong></span> <span class='ocrx_word' id='word_1_37' title='bbox 796 576 866 651; x_wconf 87' lang='lat' dir='ltr'><strong>poet</strong></span> <span class='ocrx_word' id='word_1_38' title='bbox 881 572 1120 648; x_wconf 88' lang='lat' dir='ltr'><strong>nuncupationem</strong></span> <span class='ocrx_word' id='word_1_39' title='bbox 1157 627 1160 642; x_wconf 80' lang='grc'>,</span> 
     </span>
    </p>

    <p class='ocr_par' dir='ltr' id='par_1_3' title="bbox 99 648 1139 1062">
     <span class='ocr_line' id='line_1_6' title="bbox 99 648 1139 727; baseline 0.012 -23"><span class='ocrx_word' id='word_1_40' title='bbox 99 648 224 727; x_wconf 72' lang='lat' dir='ltr'><strong>scivere</strong></span> <span class='ocrx_word' id='word_1_41' title='bbox 248 657 491 726; x_wconf 80' lang='lat' dir='ltr'><strong>perseverarent,</strong></span> <span class='ocrx_word' id='word_1_42' title='bbox 522 658 551 711; x_wconf 88' lang='lat' dir='ltr'><strong>et</strong></span> <span class='ocrx_word' id='word_1_43' title='bbox 578 649 673 710; x_wconf 89' lang='lat' dir='ltr'><strong>multis</strong></span> <span class='ocrx_word' id='word_1_44' title='bbox 700 659 857 712; x_wconf 80' lang='lat' dir='ltr'><strong>venenatae</strong></span> <span class='ocrx_word' id='word_1_45' title='bbox 884 660 1005 714; x_wconf 88' lang='lat' dir='ltr'><strong>matteas</strong></span> <span class='ocrx_word' id='word_1_46' title='bbox 1034 657 1139 726; x_wconf 75' lang='lat' dir='ltr'><strong>misit.</strong></span> 
     </span>
     <span class='ocr_line' id='line_1_7' title="bbox 117 728 1119 815; baseline 0.007 -23"><span class='ocrx_word' id='word_1_47' title='bbox 117 728 333 808; x_wconf 80' lang='lat' dir='ltr'><strong>-Cognoscebat</strong></span> <span class='ocrx_word' id='word_1_48' title='bbox 358 741 451 793; x_wconf 91' lang='lat' dir='ltr'><strong>autem</strong></span> <span class='ocrx_word' id='word_1_49' title='bbox 474 732 512 792; x_wconf 91' lang='lat' dir='ltr'><strong>de</strong></span> <span class='ocrx_word' id='word_1_50' title='bbox 537 732 642 794; x_wconf 87' lang='lat' dir='ltr'><strong>talibus</strong></span> <span class='ocrx_word' id='word_1_51' title='bbox 665 735 776 812; x_wconf 74' lang='lat' dir='ltr'><strong>musis,</strong></span> <span class='ocrx_word' id='word_1_52' title='bbox 802 743 903 797; x_wconf 79' lang='lat' dir='ltr'><strong>taxato</strong></span> <span class='ocrx_word' id='word_1_53' title='bbox 929 738 1008 815; x_wconf 88' lang='lat' dir='ltr'><strong>prius</strong></span> <span class='ocrx_word' id='word_1_54' title='bbox 1022 739 1119 799; x_wconf 74' lang='lat' dir='ltr'><strong>&#39;modo</strong></span> 
     </span>
     <span class='ocr_line' id='line_1_8' title="bbox 120 815 1119 897; baseline 0.006 -21"><span class='ocrx_word' id='word_1_55' title='bbox 120 831 248 876; x_wconf 82' lang='lat' dir='ltr'><strong>summae</strong></span> <span class='ocrx_word' id='word_1_56' title='bbox 262 815 299 876; x_wconf 89' lang='lat' dir='ltr'><strong>ad</strong></span> <span class='ocrx_word' id='word_1_57' title='bbox 315 832 400 894; x_wconf 89' lang='lat' dir='ltr'><strong>quem</strong></span> <span class='ocrx_word' id='word_1_58' title='bbox 413 816 628 878; x_wconf 77' lang='lat' dir='ltr'><strong>conficiendum.</strong></span> <span class='ocrx_word' id='word_1_59' title='bbox 641 815 821 897; x_wconf 76' lang='lat' dir='ltr'><strong>consideret,</strong></span> <span class='ocrx_word' id='word_1_60' title='bbox 851 819 986 884; x_wconf 76' lang='lat' dir='ltr'><strong>comente</strong></span> <span class='ocrx_word' id='word_1_61' title='bbox 1008 819 1119 882; x_wconf 90' lang='lat' dir='ltr'><strong>demum</strong></span> 
     </span>
     <span class='ocr_line' id='line_1_9' title="bbox 121 893 1119 984; baseline 0.007 -27"><span class='ocrx_word' id='word_1_62' title='bbox 121 898 310 960; x_wconf 75' lang='lat' dir='ltr'><strong>excitabatur.</strong></span> <span class='ocrx_word' id='word_1_63' title='bbox 353 899 400 960; x_wconf 79' lang='lat' dir='ltr'><strong>Ac</strong></span> <span class='ocrx_word' id='word_1_64' title='bbox 415 918 453 960; x_wconf 92' lang='lat' dir='ltr'><strong>ue</strong></span> <span class='ocrx_word' id='word_1_65' title='bbox 472 899 617 980; x_wconf 88' lang='lat' dir='ltr'><strong>paululum</strong></span> <span class='ocrx_word' id='word_1_66' title='bbox 631 899 744 979; x_wconf 90' lang='lat' dir='ltr'><strong>quidem</strong></span> <span class='ocrx_word' id='word_1_67' title='bbox 759 919 858 964; x_wconf 79' lang='lat' dir='ltr'><strong>morae</strong></span> <span class='ocrx_word' id='word_1_68' title='bbox 874 893 1002 980; x_wconf 82' lang='lat' dir='ltr'><strong>patiens,</strong></span> <span class='ocrx_word' id='word_1_69' title='bbox 1030 923 1119 984; x_wconf 89' lang='lat' dir='ltr'><strong>super</strong></span> 
     </span>
     <span class='ocr_line' id='line_1_10' title="bbox 119 981 1118 1062; baseline 0.008 -21"><span class='ocrx_word' id='word_1_70' title='bbox 119 981 310 1060; x_wconf 83' lang='lat' dir='ltr'><strong>quadraginta</strong></span> <span class='ocrx_word' id='word_1_71' title='bbox 328 1001 400 1046; x_wconf 84' lang='lat' dir='ltr'><strong>reos</strong></span> <span class='ocrx_word' id='word_1_72' title='bbox 421 983 564 1062; x_wconf 83' lang='lat' dir='ltr'><strong>quendam</strong></span> <span class='ocrx_word' id='word_1_73' title='bbox 585 1002 624 1045; x_wconf 83' lang='lat' dir='ltr'><strong>ex</strong></span> <span class='ocrx_word' id='word_1_74' title='bbox 644 982 766 1048; x_wconf 77' lang='lat' dir='ltr'><strong>dirersis</strong></span> <span class='ocrx_word' id='word_1_75' title='bbox 791 983 954 1048; x_wconf 72' lang='lat' dir='ltr'><strong>criminibus</strong></span> <span class='ocrx_word' id='word_1_76' title='bbox 977 1005 1032 1048; x_wconf 84' lang='lat' dir='ltr'><strong>aua</strong></span> <span class='ocrx_word' id='word_1_77' title='bbox 1052 1007 1118 1048; x_wconf 88' lang='lat' dir='ltr'><strong>een·</strong></span> 
     </span>
    </p>

    <p class='ocr_par' dir='ltr' id='par_1_4' title="bbox 82 1065 1117 1230">
     <span class='ocr_line' id='line_1_11' title="bbox 82 1065 1117 1148; baseline 0.01 -26"><span class='ocrx_word' id='word_1_78' title='bbox 82 1078 110 1122; x_wconf 80' lang='lat' dir='ltr'><strong>sc</strong></span> <span class='ocrx_word' id='word_1_79' title='bbox 121 1067 210 1126; x_wconf 89' lang='lat' dir='ltr'><strong>tentia</strong></span> <span class='ocrx_word' id='word_1_80' title='bbox 230 1065 458 1144; x_wconf 78' lang='lat' dir='ltr'><strong>condemnarit,</strong></span> <span class='ocrx_word' id='word_1_81' title='bbox 471 1068 670 1148; x_wconf 73' lang='lat' dir='ltr'><strong>gloriatusque</strong></span> <span class='ocrx_word' id='word_1_82' title='bbox 691 1078 737 1129; x_wconf 87' lang='lat' dir='ltr'><strong>eet</strong></span> <span class='ocrx_word' id='word_1_83' title='bbox 755 1069 968 1148; x_wconf 84' lang='lat' dir='ltr'><strong>expergefacta</strong></span> <span class='ocrx_word' id='word_1_84' title='bbox 985 1089 1117 1132; x_wconf 92' lang='lat' dir='ltr'><strong>esomno</strong></span> 
     </span>
     <span class='ocr_line' id='line_1_12' title="bbox 118 1147 942 1230; baseline 0.004 -20"><span class='ocrx_word' id='word_1_85' title='bbox 118 1147 279 1227; x_wconf 75' lang='lat' dir='ltr'><strong>Caesonia,</strong></span> <span class='ocrx_word' id='word_1_86' title='bbox 305 1157 453 1230; x_wconf 79' lang='lat' dir='ltr'><strong>quamtum</strong></span> <span class='ocrx_word' id='word_1_87' title='bbox 465 1151 592 1230; x_wconf 70' lang='lat' dir='ltr'><strong>epictet,</strong></span> <span class='ocrx_word' id='word_1_88' title='bbox 614 1151 687 1214; x_wconf 66' lang='grc' dir='ltr'><strong>ἀνω</strong></span> <span class='ocrx_word' id='word_1_89' title='bbox 702 1153 942 1215; x_wconf 69' lang='lat' dir='ltr'><strong>committeret.</strong></span> 
     </span>
    </p>

    <p class='ocr_par' dir='ltr' id='par_1_5' title="bbox 116 1233 1171 1482">
     <span class='ocr_line' id='line_1_13' title="bbox 178 1233 1171 1316; baseline 0.004 -22"><span class='ocrx_word' id='word_1_90' title='bbox 178 1233 323 1311; x_wconf 77' lang='lat' dir='ltr'><strong>Auctione</strong></span> <span class='ocrx_word' id='word_1_91' title='bbox 349 1237 518 1315; x_wconf 86' lang='lat' dir='ltr'><strong>proposita,</strong></span> <span class='ocrx_word' id='word_1_92' title='bbox 560 1235 697 1316; x_wconf 87' lang='lat' dir='ltr'><strong>reliquias</strong></span> <span class='ocrx_word' id='word_1_93' title='bbox 731 1238 853 1299; x_wconf 77' lang='lat' dir='ltr'><strong>ommam</strong></span> <span class='ocrx_word' id='word_1_94' title='bbox 882 1237 1116 1316; x_wconf 76' lang='lat' dir='ltr'><strong>spectaculorum</strong></span> <span class='ocrx_word' id='word_1_95' title='bbox 1166 1253 1171 1262; x_wconf 90' lang='lat'><strong>·</strong></span> 
     </span>
     <span class='ocr_line' id='line_1_14' title="bbox 116 1316 1115 1400; baseline 0.006 -22"><span class='ocrx_word' id='word_1_96' title='bbox 116 1316 243 1378; x_wconf 87' lang='lat' dir='ltr'><strong>subiecit</strong></span> <span class='ocrx_word' id='word_1_97' title='bbox 255 1337 293 1380; x_wconf 88' lang='lat' dir='ltr'><strong>ac</strong></span> <span class='ocrx_word' id='word_1_98' title='bbox 311 1318 485 1394; x_wconf 82' lang='lat' dir='ltr'><strong>venditavit,</strong></span> <span class='ocrx_word' id='word_1_99' title='bbox 508 1322 665 1398; x_wconf 76' lang='lat' dir='ltr'><strong>exquirere</strong></span> <span class='ocrx_word' id='word_1_100' title='bbox 686 1336 741 1399; x_wconf 87' lang='lat' dir='ltr'><strong>per</strong></span> <span class='ocrx_word' id='word_1_101' title='bbox 758 1322 901 1398; x_wconf 83' lang='lat' dir='ltr'><strong>copretis</strong></span> <span class='ocrx_word' id='word_1_102' title='bbox 919 1329 948 1380; x_wconf 91' lang='lat' dir='ltr'><strong>et</strong></span> <span class='ocrx_word' id='word_1_103' title='bbox 969 1339 1059 1400; x_wconf 90' lang='lat' dir='ltr'><strong>usque</strong></span> <span class='ocrx_word' id='word_1_104' title='bbox 1079 1339 1115 1384; x_wconf 89' lang='lat' dir='ltr'><strong>ec</strong></span> 
     </span>
     <span class='ocr_line' id='line_1_15' title="bbox 118 1400 1120 1482; baseline 0.002 -20"><span class='ocrx_word' id='word_1_105' title='bbox 118 1400 298 1478; x_wconf 77' lang='lat' dir='ltr'><strong>extendeus,</strong></span> <span class='ocrx_word' id='word_1_106' title='bbox 325 1410 358 1463; x_wconf 93' lang='lat' dir='ltr'><strong>ut</strong></span> <span class='ocrx_word' id='word_1_107' title='bbox 376 1400 490 1482; x_wconf 84' lang='lat' dir='ltr'><strong>quidam</strong></span> <span class='ocrx_word' id='word_1_108' title='bbox 507 1405 648 1465; x_wconf 85' lang='lat' dir='ltr'><strong>immenso</strong></span> <span class='ocrx_word' id='word_1_109' title='bbox 675 1404 770 1465; x_wconf 91' lang='lat' dir='ltr'><strong>coacti</strong></span> <span class='ocrx_word' id='word_1_110' title='bbox 796 1403 935 1482; x_wconf 79' lang='lat' dir='ltr'><strong>quaedam</strong></span> <span class='ocrx_word' id='word_1_111' title='bbox 956 1420 1054 1466; x_wconf 89' lang='lat' dir='ltr'><strong>emere</strong></span> <span class='ocrx_word' id='word_1_112' title='bbox 1077 1417 1120 1478; x_wconf 78' lang='lat' dir='ltr'><strong>&#39;aq</strong></span> 
     </span>
    </p>

    <p class='ocr_par' dir='ltr' id='par_1_6' title="bbox 81 1485 1157 1899">
     <span class='ocr_line' id='line_1_16' title="bbox 81 1485 1115 1566; baseline 0.003 -21"><span class='ocrx_word' id='word_1_113' title='bbox 81 1485 203 1546; x_wconf 73' lang='lat' dir='ltr'><strong>tubunis</strong></span> <span class='ocrx_word' id='word_1_114' title='bbox 223 1487 302 1549; x_wconf 83' lang='lat' dir='ltr'><strong>exuti</strong></span> <span class='ocrx_word' id='word_1_115' title='bbox 322 1504 412 1546; x_wconf 84' lang='lat' dir='ltr'><strong>venae</strong></span> <span class='ocrx_word' id='word_1_116' title='bbox 433 1485 489 1546; x_wconf 81' lang='lat' dir='ltr'><strong>sibi</strong></span> <span class='ocrx_word' id='word_1_117' title='bbox 516 1485 684 1550; x_wconf 87' lang='lat' dir='ltr'><strong>inciderent.</strong></span> <span class='ocrx_word' id='word_1_118' title='bbox 726 1485 804 1548; x_wconf 80' lang='lat' dir='ltr'><strong>Nota</strong></span> <span class='ocrx_word' id='word_1_119' title='bbox 832 1505 880 1561; x_wconf 79' lang='lat' dir='ltr'><strong>res</strong></span> <span class='ocrx_word' id='word_1_120' title='bbox 911 1495 971 1564; x_wconf 84' lang='lat' dir='ltr'><strong>est,</strong></span> <span class='ocrx_word' id='word_1_121' title='bbox 998 1486 1115 1566; x_wconf 81' lang='lat' dir='ltr'><strong>Aponio</strong></span> 
     </span>
     <span class='ocr_line' id='line_1_17' title="bbox 117 1569 1114 1657; baseline 0 -27"><span class='ocrx_word' id='word_1_122' title='bbox 117 1570 272 1636; x_wconf 86' lang='lat' dir='ltr'><strong>Saturnino</strong></span> <span class='ocrx_word' id='word_1_123' title='bbox 288 1569 363 1630; x_wconf 86' lang='lat' dir='ltr'><strong>iuter</strong></span> <span class='ocrx_word' id='word_1_124' title='bbox 377 1569 515 1657; x_wconf 70' lang='lat' dir='ltr'><strong>subsellia</strong></span> <span class='ocrx_word' id='word_1_125' title='bbox 538 1569 721 1648; x_wconf 85' lang='lat' dir='ltr'><strong>dormitante,</strong></span> <span class='ocrx_word' id='word_1_126' title='bbox 752 1570 920 1631; x_wconf 81' lang='lat' dir='ltr'><strong>munituna</strong></span> <span class='ocrx_word' id='word_1_127' title='bbox 936 1570 1008 1631; x_wconf 83' lang='lat' dir='ltr'><strong>Gaio</strong></span> <span class='ocrx_word' id='word_1_128' title='bbox 1032 1587 1114 1649; x_wconf 87' lang='lat' dir='ltr'><strong>prae·</strong></span> 
     </span>
     <span class='ocr_line' id='line_1_18' title="bbox 116 1653 1115 1732; baseline -0.002 -18"><span class='ocrx_word' id='word_1_129' title='bbox 116 1671 222 1714; x_wconf 89' lang='lat' dir='ltr'><strong>eonem</strong></span> <span class='ocrx_word' id='word_1_130' title='bbox 242 1669 281 1714; x_wconf 90' lang='lat' dir='ltr'><strong>ue</strong></span> <span class='ocrx_word' id='word_1_131' title='bbox 304 1657 480 1732; x_wconf 86' lang='lat' dir='ltr'><strong>praetorium</strong></span> <span class='ocrx_word' id='word_1_132' title='bbox 504 1656 595 1714; x_wconf 85' lang='lat' dir='ltr'><strong>virum</strong></span> <span class='ocrx_word' id='word_1_133' title='bbox 615 1653 724 1714; x_wconf 88' lang='lat' dir='ltr'><strong>crebro</strong></span> <span class='ocrx_word' id='word_1_134' title='bbox 748 1656 852 1732; x_wconf 87' lang='lat' dir='ltr'><strong>capitis</strong></span> <span class='ocrx_word' id='word_1_135' title='bbox 871 1661 950 1716; x_wconf 87' lang='lat' dir='ltr'><strong>metu</strong></span> <span class='ocrx_word' id='word_1_136' title='bbox 971 1662 1115 1717; x_wconf 90' lang='lat' dir='ltr'><strong>nutantem</strong></span> 
     </span>
     <span class='ocr_line' id='line_1_19' title="bbox 116 1735 1114 1816; baseline -0.002 -18"><span class='ocrx_word' id='word_1_137' title='bbox 116 1736 173 1798; x_wconf 86' lang='lat' dir='ltr'><strong>sibi</strong></span> <span class='ocrx_word' id='word_1_138' title='bbox 189 1739 378 1815; x_wconf 85' lang='lat' dir='ltr'><strong>praeteriret,</strong></span> <span class='ocrx_word' id='word_1_139' title='bbox 404 1756 461 1798; x_wconf 87' lang='lat' dir='ltr'><strong>nec</strong></span> <span class='ocrx_word' id='word_1_140' title='bbox 478 1735 584 1798; x_wconf 89' lang='lat' dir='ltr'><strong>licendi</strong></span> <span class='ocrx_word' id='word_1_141' title='bbox 600 1738 687 1798; x_wconf 86' lang='lat' dir='ltr'><strong>linem</strong></span> <span class='ocrx_word' id='word_1_142' title='bbox 707 1737 831 1815; x_wconf 83' lang='lat' dir='ltr'><strong>iactum,</strong></span> <span class='ocrx_word' id='word_1_143' title='bbox 860 1737 954 1816; x_wconf 89' lang='lat' dir='ltr'><strong>quoad</strong></span> <span class='ocrx_word' id='word_1_144' title='bbox 976 1737 1114 1798; x_wconf 84' lang='lat' dir='ltr'><strong>tredecim</strong></span> 
     </span>
     <span class='ocr_line' id='line_1_20' title="bbox 115 1819 1157 1899; baseline -0.005 -18"><span class='ocrx_word' id='word_1_145' title='bbox 115 1820 295 1899; x_wconf 73' lang='lat' dir='ltr'><strong>gladiatores</strong></span> <span class='ocrx_word' id='word_1_146' title='bbox 321 1824 456 1882; x_wconf 84' lang='lat' dir='ltr'><strong>sestertio</strong></span> <span class='ocrx_word' id='word_1_147' title='bbox 486 1823 628 1898; x_wconf 87' lang='lat' dir='ltr'><strong>nonagies</strong></span> <span class='ocrx_word' id='word_1_148' title='bbox 658 1821 802 1898; x_wconf 78' lang='lat' dir='ltr'><strong>ignoranti</strong></span> <span class='ocrx_word' id='word_1_149' title='bbox 829 1819 1038 1882; x_wconf 82' lang='lat' dir='ltr'><strong>addicerentur.</strong></span> <span class='ocrx_word' id='word_1_150' title='bbox 1082 1820 1157 1880; x_wconf 71' lang='lat' dir='ltr'><strong>luet</strong></span> 
     </span>
    </p>

    <p class='ocr_par' dir='ltr' id='par_1_7' title="bbox 77 1904 1159 2321">
     <span class='ocr_line' id='line_1_21' title="bbox 77 1904 1113 1985; baseline -0.004 -18"><span class='ocrx_word' id='word_1_151' title='bbox 77 1905 212 1967; x_wconf 81' lang='lat' dir='ltr'><strong>2⁰Gallia</strong></span> <span class='ocrx_word' id='word_1_152' title='bbox 227 1923 359 1985; x_wconf 84' lang='lat' dir='ltr'><strong>quoque,</strong></span> <span class='ocrx_word' id='word_1_153' title='bbox 385 1922 451 1968; x_wconf 85' lang='lat' dir='ltr'><strong>cum</strong></span> <span class='ocrx_word' id='word_1_154' title='bbox 468 1904 661 1967; x_wconf 69' lang='lat' dir='ltr'><strong>demutarent</strong></span> <span class='ocrx_word' id='word_1_155' title='bbox 682 1920 813 1966; x_wconf 89' lang='lat' dir='ltr'><strong>sororum</strong></span> <span class='ocrx_word' id='word_1_156' title='bbox 832 1913 999 1967; x_wconf 87' lang='lat' dir='ltr'><strong>ornamenta</strong></span> <span class='ocrx_word' id='word_1_157' title='bbox 1018 1912 1048 1965; x_wconf 88' lang='lat' dir='ltr'><strong>et</strong></span> <span class='ocrx_word' id='word_1_158' title='bbox 1068 1923 1113 1967; x_wconf 85' lang='lat' dir='ltr'><strong>su·</strong></span> 
     </span>
     <span class='ocr_line' id='line_1_22' title="bbox 116 1987 1114 2069; baseline -0.003 -20"><span class='ocrx_word' id='word_1_159' title='bbox 116 1988 296 2069; x_wconf 86' lang='lat' dir='ltr'><strong>pellectilenr</strong></span> <span class='ocrx_word' id='word_1_160' title='bbox 317 1997 347 2054; x_wconf 83' lang='lat' dir='ltr'><strong>et</strong></span> <span class='ocrx_word' id='word_1_161' title='bbox 368 2004 472 2052; x_wconf 73' lang='lat' dir='ltr'><strong>seraos</strong></span> <span class='ocrx_word' id='word_1_162' title='bbox 489 1998 578 2067; x_wconf 83' lang='lat' dir='ltr'><strong>atque</strong></span> <span class='ocrx_word' id='word_1_163' title='bbox 596 1990 684 2049; x_wconf 90' lang='lat' dir='ltr'><strong>etiam</strong></span> <span class='ocrx_word' id='word_1_164' title='bbox 704 1987 825 2049; x_wconf 88' lang='lat' dir='ltr'><strong>libertos</strong></span> <span class='ocrx_word' id='word_1_165' title='bbox 847 1990 991 2047; x_wconf 88' lang='lat' dir='ltr'><strong>immensis</strong></span> <span class='ocrx_word' id='word_1_166' title='bbox 1013 1989 1114 2066; x_wconf 85' lang='lat' dir='ltr'><strong>pretiis</strong></span> 
     </span>
     <span class='ocr_line' id='line_1_23' title="bbox 115 2071 1114 2152; baseline -0.002 -19"><span class='ocrx_word' id='word_1_167' title='bbox 115 2072 308 2149; x_wconf 80' lang='lat' dir='ltr'><strong>vendidisset,</strong></span> <span class='ocrx_word' id='word_1_168' title='bbox 338 2074 472 2135; x_wconf 73' lang='lat' dir='ltr'><strong>invitatum</strong></span> <span class='ocrx_word' id='word_1_169' title='bbox 499 2073 600 2149; x_wconf 86' lang='lat' dir='ltr'><strong>lucro,</strong></span> <span class='ocrx_word' id='word_1_170' title='bbox 640 2071 775 2152; x_wconf 87' lang='lat' dir='ltr'><strong>quidquid</strong></span> <span class='ocrx_word' id='word_1_171' title='bbox 799 2072 976 2133; x_wconf 78' lang='lat' dir='ltr'><strong>instrumenti</strong></span> <span class='ocrx_word' id='word_1_172' title='bbox 1006 2071 1114 2131; x_wconf 86' lang='lat' dir='ltr'><strong>veteris</strong></span> 
     </span>
     <span class='ocr_line' id='line_1_24' title="bbox 107 2152 1114 2236; baseline -0.006 -18"><span class='ocrx_word' id='word_1_173' title='bbox 107 2155 199 2218; x_wconf 73' lang='lat' dir='ltr'><strong>nume</strong></span> <span class='ocrx_word' id='word_1_174' title='bbox 223 2166 287 2217; x_wconf 86' lang='lat' dir='ltr'><strong>erat</strong></span> <span class='ocrx_word' id='word_1_175' title='bbox 306 2156 348 2217; x_wconf 84' lang='lat' dir='ltr'><strong>ab·</strong></span> <span class='ocrx_word' id='word_1_176' title='bbox 368 2156 599 2236; x_wconf 77' lang='lat' dir='ltr'><strong>urberepetiit,</strong></span> <span class='ocrx_word' id='word_1_177' title='bbox 633 2156 813 2235; x_wconf 80' lang='lat' dir='ltr'><strong>coutpreueie</strong></span> <span class='ocrx_word' id='word_1_178' title='bbox 828 2154 874 2218; x_wconf 79' lang='lat' dir='ltr'><strong>,ad</strong></span> <span class='ocrx_word' id='word_1_179' title='bbox 906 2152 1114 2233; x_wconf 87' lang='lat' dir='ltr'><strong>deportandum</strong></span> 
     </span>
     <span class='ocr_line' id='line_1_25' title="bbox 113 2236 1159 2321; baseline -0.006 -19"><span class='ocrx_word' id='word_1_180' title='bbox 113 2241 270 2302; x_wconf 89' lang='lat' dir='ltr'><strong>meritoriis</strong></span> <span class='ocrx_word' id='word_1_181' title='bbox 286 2258 401 2321; x_wconf 86' lang='lat' dir='ltr'><strong>quoque</strong></span> <span class='ocrx_word' id='word_1_182' title='bbox 421 2240 562 2303; x_wconf 82' lang='lat' dir='ltr'><strong>vehiculis</strong></span> <span class='ocrx_word' id='word_1_183' title='bbox 577 2250 607 2301; x_wconf 89' lang='lat' dir='ltr'><strong>et</strong></span> <span class='ocrx_word' id='word_1_184' title='bbox 627 2239 846 2319; x_wconf 82' lang='lat' dir='ltr'><strong>pistrinensibus</strong></span> <span class='ocrx_word' id='word_1_185' title='bbox 867 2240 1013 2315; x_wconf 87' lang='lat' dir='ltr'><strong>intuentis,</strong></span> <span class='ocrx_word' id='word_1_186' title='bbox 1039 2236 1113 2298; x_wconf 88' lang='lat' dir='ltr'><strong>aden</strong></span> <span class='ocrx_word' id='word_1_187' title='bbox 1155 2301 1159 2310; x_wconf 50' lang='lat'><strong>,</strong></span> 
     </span>
    </p>

    <p class='ocr_par' dir='ltr' id='par_1_8' title="bbox 76 2322 1178 2737">
     <span class='ocr_line' id='line_1_26' title="bbox 76 2322 1112 2409; baseline -0.001 -28"><span class='ocrx_word' id='word_1_188' title='bbox 76 2333 147 2383; x_wconf 80' lang='lat' dir='ltr'><strong>aeut</strong></span> <span class='ocrx_word' id='word_1_189' title='bbox 165 2332 200 2383; x_wconf 89' lang='lat' dir='ltr'><strong>et</strong></span> <span class='ocrx_word' id='word_1_190' title='bbox 222 2325 305 2401; x_wconf 86' lang='lat' dir='ltr'><strong>panis</strong></span> <span class='ocrx_word' id='word_1_191' title='bbox 329 2324 440 2388; x_wconf 82' lang='lat' dir='ltr'><strong>Romae</strong></span> <span class='ocrx_word' id='word_1_192' title='bbox 459 2342 550 2404; x_wconf 88' lang='lat' dir='ltr'><strong>saepe</strong></span> <span class='ocrx_word' id='word_1_193' title='bbox 571 2323 711 2386; x_wconf 83' lang='lat' dir='ltr'><strong>deiiceret</strong></span> <span class='ocrx_word' id='word_1_194' title='bbox 730 2331 759 2384; x_wconf 90' lang='lat' dir='ltr'><strong>et</strong></span> <span class='ocrx_word' id='word_1_195' title='bbox 776 2323 952 2409; x_wconf 82' lang='lat' dir='ltr'><strong>litigatorum</strong></span> <span class='ocrx_word' id='word_1_196' title='bbox 968 2322 1112 2401; x_wconf 80' lang='lat' dir='ltr'><strong>plerique,</strong></span> 
     </span>
     <span class='ocr_line' id='line_1_27' title="bbox 114 2406 1178 2486; baseline -0.005 -19"><span class='ocrx_word' id='word_1_197' title='bbox 114 2407 195 2486; x_wconf 80' lang='lat' dir='ltr'><strong>quod</strong></span> <span class='ocrx_word' id='word_1_198' title='bbox 208 2425 365 2469; x_wconf 83' lang='lat' dir='ltr'><strong>occurrere</strong></span> <span class='ocrx_word' id='word_1_199' title='bbox 379 2409 516 2471; x_wconf 90' lang='lat' dir='ltr'><strong>absentes</strong></span> <span class='ocrx_word' id='word_1_200' title='bbox 530 2407 567 2468; x_wconf 88' lang='lat' dir='ltr'><strong>ad</strong></span> <span class='ocrx_word' id='word_1_201' title='bbox 580 2406 770 2469; x_wconf 81' lang='lat' dir='ltr'><strong>vadimonium</strong></span> <span class='ocrx_word' id='word_1_202' title='bbox 790 2424 848 2467; x_wconf 91' lang='lat' dir='ltr'><strong>non</strong></span> <span class='ocrx_word' id='word_1_203' title='bbox 862 2414 997 2486; x_wconf 79' lang='lat' dir='ltr'><strong>possent,</strong></span> <span class='ocrx_word' id='word_1_204' title='bbox 1026 2420 1113 2467; x_wconf 90' lang='lat' dir='ltr'><strong>causa</strong></span> <span class='ocrx_word' id='word_1_205' title='bbox 1177 2438 1178 2445; x_wconf 56' lang='lat'><strong>.</strong></span> 
     </span>
     <span class='ocr_line' id='line_1_28' title="bbox 113 2486 1168 2569; baseline -0.006 -18"><span class='ocrx_word' id='word_1_206' title='bbox 113 2489 263 2551; x_wconf 83' lang='lat' dir='ltr'><strong>caderent.</strong></span> <span class='ocrx_word' id='word_1_207' title='bbox 307 2490 361 2552; x_wconf 73' lang='lat' dir='ltr'><strong>(lui</strong></span> <span class='ocrx_word' id='word_1_208' title='bbox 380 2495 566 2553; x_wconf 89' lang='lat' dir='ltr'><strong>instrumento</strong></span> <span class='ocrx_word' id='word_1_209' title='bbox 587 2490 771 2569; x_wconf 77' lang='lat' dir='ltr'><strong>distrahendo</strong></span> <span class='ocrx_word' id='word_1_210' title='bbox 793 2489 861 2552; x_wconf 90' lang='lat' dir='ltr'><strong>nibil</strong></span> <span class='ocrx_word' id='word_1_211' title='bbox 883 2504 940 2549; x_wconf 90' lang='lat' dir='ltr'><strong>uon</strong></span> <span class='ocrx_word' id='word_1_212' title='bbox 954 2486 1062 2549; x_wconf 84' lang='lat' dir='ltr'><strong>fraudis</strong></span> <span class='ocrx_word' id='word_1_213' title='bbox 1078 2503 1114 2545; x_wconf 87' lang='lat' dir='ltr'><strong>ac</strong></span> <span class='ocrx_word' id='word_1_214' title='bbox 1164 2554 1168 2559; x_wconf 26' lang='lat'>¹</span> 
     </span>
     <span class='ocr_line' id='line_1_29' title="bbox 112 2568 1113 2653; baseline -0.008 -18"><span class='ocrx_word' id='word_1_215' title='bbox 112 2575 252 2636; x_wconf 89' lang='lat' dir='ltr'><strong>lenocinii</strong></span> <span class='ocrx_word' id='word_1_216' title='bbox 268 2574 403 2653; x_wconf 82' lang='lat' dir='ltr'><strong>adhibuit,</strong></span> <span class='ocrx_word' id='word_1_217' title='bbox 420 2575 505 2636; x_wconf 89' lang='lat' dir='ltr'><strong>medo</strong></span> <span class='ocrx_word' id='word_1_218' title='bbox 521 2575 658 2635; x_wconf 84' lang='lat' dir='ltr'><strong>auaritiae</strong></span> <span class='ocrx_word' id='word_1_219' title='bbox 672 2574 803 2651; x_wconf 83' lang='lat' dir='ltr'><strong>singulos</strong></span> <span class='ocrx_word' id='word_1_220' title='bbox 820 2574 974 2649; x_wconf 76' lang='lat' dir='ltr'><strong>increpans</strong></span> <span class='ocrx_word' id='word_1_221' title='bbox 993 2577 1022 2629; x_wconf 90' lang='lat' dir='ltr'><strong>ct</strong></span> <span class='ocrx_word' id='word_1_222' title='bbox 1036 2568 1113 2646; x_wconf 93' lang='lat' dir='ltr'><strong>quod</strong></span> 
     </span>
     <span class='ocr_line' id='line_1_30' title="bbox 114 2652 1124 2737; baseline -0.007 -20"><span class='ocrx_word' id='word_1_223' title='bbox 114 2658 313 2737; x_wconf 83' lang='lat' dir='ltr'><strong>nonpuderet</strong></span> <span class='ocrx_word' id='word_1_224' title='bbox 331 2674 384 2720; x_wconf 89' lang='lat' dir='ltr'><strong>eos</strong></span> <span class='ocrx_word' id='word_1_225' title='bbox 411 2657 625 2735; x_wconf 88' lang='lat' dir='ltr'><strong>locupletiores</strong></span> <span class='ocrx_word' id='word_1_226' title='bbox 649 2673 816 2735; x_wconf 84' lang='lat' dir='ltr'><strong>essequam</strong></span> <span class='ocrx_word' id='word_1_227' title='bbox 835 2673 887 2729; x_wconf 88' lang='lat' dir='ltr'><strong>se,</strong></span> <span class='ocrx_word' id='word_1_228' title='bbox 913 2652 1000 2713; x_wconf 87' lang='lat' dir='ltr'><strong>modo</strong></span> <span class='ocrx_word' id='word_1_229' title='bbox 1015 2654 1124 2732; x_wconf 62' lang='lat' dir='ltr'><strong>paeni-1</strong></span> 
     </span>
    </p>

    <p class='ocr_par' dir='ltr' id='par_1_9' title="bbox 73 2735 1114 2820">
     <span class='ocr_line' id='line_1_31' title="bbox 73 2735 1114 2820; baseline -0.006 -19"><span class='ocrx_word' id='word_1_230' title='bbox 73 2744 234 2803; x_wconf 70' lang='lat' dir='ltr'><strong>cosentiam</strong></span> <span class='ocrx_word' id='word_1_231' title='bbox 260 2742 394 2804; x_wconf 75' lang='lat' dir='ltr'><strong>sindone</strong></span> <span class='ocrx_word' id='word_1_232' title='bbox 420 2740 498 2820; x_wconf 91' lang='lat' dir='ltr'><strong>quod</strong></span> <span class='ocrx_word' id='word_1_233' title='bbox 523 2738 722 2817; x_wconf 84' lang='lat' dir='ltr'><strong>principalium</strong></span> <span class='ocrx_word' id='word_1_234' title='bbox 744 2754 840 2801; x_wconf 74' lang='lat' dir='ltr'><strong>rmum</strong></span> <span class='ocrx_word' id='word_1_235' title='bbox 864 2737 983 2817; x_wconf 84' lang='lat' dir='ltr'><strong>privatis</strong></span> <span class='ocrx_word' id='word_1_236' title='bbox 1001 2735 1114 2814; x_wconf 87' lang='lat' dir='ltr'><strong>copiam</strong></span> 
     </span>
    </p>

    <p class='ocr_par' dir='ltr' id='par_1_10' title="bbox 15 2818 1113 2904">
     <span class='ocr_line' id='line_1_32' title="bbox 15 2818 1113 2904; baseline -0.005 -18"><span class='ocrx_word' id='word_1_237' title='bbox 15 2818 25 2827; x_wconf 82' lang='grc'><em>’</em></span> <span class='ocrx_word' id='word_1_238' title='bbox 113 2825 237 2887; x_wconf 87' lang='lat' dir='ltr'><strong>iaceret.</strong></span> <span class='ocrx_word' id='word_1_239' title='bbox 282 2824 474 2904; x_wconf 80' lang='lat' dir='ltr'><strong>Compererat</strong></span> <span class='ocrx_word' id='word_1_240' title='bbox 493 2821 701 2903; x_wconf 85' lang='lat' dir='ltr'><strong>provincialem</strong></span> <span class='ocrx_word' id='word_1_241' title='bbox 723 2820 899 2900; x_wconf 85' lang='lat' dir='ltr'><strong>locupletem</strong></span> <span class='ocrx_word' id='word_1_242' title='bbox 924 2818 1046 2881; x_wconf 88' lang='lat' dir='ltr'><strong>ducenta</strong></span> <span class='ocrx_word' id='word_1_243' title='bbox 1068 2838 1113 2881; x_wconf 87' lang='lat' dir='ltr'><strong>se·</strong></span> 
     </span>
    </p>

    <p class='ocr_par' dir='ltr' id='par_1_11' title="bbox 112 2902 1113 3073">
     <span class='ocr_line' id='line_1_33' title="bbox 112 2902 1113 2984; baseline -0.004 -15"><span class='ocrx_word' id='word_1_244' title='bbox 112 2912 215 2972; x_wconf 85' lang='lat' dir='ltr'><strong>stertis</strong></span> <span class='ocrx_word' id='word_1_245' title='bbox 245 2927 413 2973; x_wconf 77' lang='lat' dir='ltr'><strong>numerasse</strong></span> <span class='ocrx_word' id='word_1_246' title='bbox 443 2905 643 2981; x_wconf 83' lang='lat' dir='ltr'><strong>vocatoribus,</strong></span> <span class='ocrx_word' id='word_1_247' title='bbox 675 2914 705 2965; x_wconf 94' lang='lat' dir='ltr'><strong>ut</strong></span> <span class='ocrx_word' id='word_1_248' title='bbox 728 2922 783 2984; x_wconf 89' lang='lat' dir='ltr'><strong>per</strong></span> <span class='ocrx_word' id='word_1_249' title='bbox 811 2902 955 2967; x_wconf 84' lang='lat' dir='ltr'><strong>fallaciam</strong></span> <span class='ocrx_word' id='word_1_250' title='bbox 980 2905 1113 2967; x_wconf 85' lang='lat' dir='ltr'><strong>convivio</strong></span> 
     </span>
     <span class='ocr_line' id='line_1_34' title="bbox 112 2987 1112 3073; baseline -0.006 -18"><span class='ocrx_word' id='word_1_251' title='bbox 112 2996 367 3073; x_wconf 86' lang='lat' dir='ltr'><strong>interponeretur,</strong></span> <span class='ocrx_word' id='word_1_252' title='bbox 390 3010 447 3053; x_wconf 85' lang='lat' dir='ltr'><strong>nec</strong></span> <span class='ocrx_word' id='word_1_253' title='bbox 461 2991 565 3054; x_wconf 91' lang='lat' dir='ltr'><strong>tulerat</strong></span> <span class='ocrx_word' id='word_1_254' title='bbox 577 2988 702 3049; x_wconf 88' lang='lat' dir='ltr'><strong>moleste</strong></span> <span class='ocrx_word' id='word_1_255' title='bbox 714 2997 770 3049; x_wconf 87' lang='lat' dir='ltr'><strong>tam</strong></span> <span class='ocrx_word' id='word_1_256' title='bbox 781 3002 888 3065; x_wconf 86' lang='lat' dir='ltr'><strong>magno</strong></span> <span class='ocrx_word' id='word_1_257' title='bbox 903 2988 1046 3051; x_wconf 79' lang='lat' dir='ltr'><strong>aestimari</strong></span> <span class='ocrx_word' id='word_1_258' title='bbox 1061 2987 1112 3049; x_wconf 90' lang='lat' dir='ltr'><strong>ho·</strong></span> 
     </span>
    </p>

    <p class='ocr_par' dir='ltr' id='par_1_12' title="bbox 79 3070 1114 3152">
     <span class='ocr_line' id='line_1_35' title="bbox 79 3070 1114 3152; baseline -0.006 -15"><span class='ocrx_word' id='word_1_259' title='bbox 79 3120 86 3135; x_wconf 74' lang='grc'><strong><em>,</em></strong></span> <span class='ocrx_word' id='word_1_260' title='bbox 112 3096 216 3141; x_wconf 88' lang='lat' dir='ltr'><strong>norem</strong></span> <span class='ocrx_word' id='word_1_261' title='bbox 238 3094 347 3139; x_wconf 86' lang='lat' dir='ltr'><strong>caenae</strong></span> <span class='ocrx_word' id='word_1_262' title='bbox 370 3094 457 3145; x_wconf 87' lang='lat' dir='ltr'><strong>suae;</strong></span> <span class='ocrx_word' id='word_1_263' title='bbox 486 3074 553 3135; x_wconf 88' lang='lat' dir='ltr'><strong>huic</strong></span> <span class='ocrx_word' id='word_1_264' title='bbox 572 3080 693 3152; x_wconf 87' lang='lat' dir='ltr'><strong>postero</strong></span> <span class='ocrx_word' id='word_1_265' title='bbox 715 3071 761 3133; x_wconf 90' lang='lat' dir='ltr'><strong>die</strong></span> <span class='ocrx_word' id='word_1_266' title='bbox 777 3071 903 3136; x_wconf 83' lang='lat' dir='ltr'><strong>sedenti</strong></span> <span class='ocrx_word' id='word_1_267' title='bbox 930 3070 1114 3135; x_wconf 79' lang='lat' dir='ltr'><strong>inunctione</strong></span> 
     </span>
    </p>

    <p class='ocr_par' dir='ltr' id='par_1_13' title="bbox 73 3153 1221 3326">
     <span class='ocr_line' id='line_1_36' title="bbox 73 3153 1221 3241; baseline -0.006 -20"><span class='ocrx_word' id='word_1_268' title='bbox 73 3163 205 3238; x_wconf 65' lang='lat' dir='ltr'><strong>emisit,</strong></span> <span class='ocrx_word' id='word_1_269' title='bbox 235 3161 398 3241; x_wconf 71' lang='lat' dir='ltr'><strong>quaestio</strong></span> <span class='ocrx_word' id='word_1_270' title='bbox 415 3159 484 3238; x_wconf 88' lang='lat' dir='ltr'><strong>quid</strong></span> <span class='ocrx_word' id='word_1_271' title='bbox 501 3158 600 3220; x_wconf 80' lang='lat' dir='ltr'><strong>frivoli</strong></span> <span class='ocrx_word' id='word_1_272' title='bbox 614 3157 749 3217; x_wconf 87' lang='lat' dir='ltr'><strong>ducentis</strong></span> <span class='ocrx_word' id='word_1_273' title='bbox 761 3155 874 3219; x_wconf 80' lang='lat' dir='ltr'><strong>utilibus</strong></span> <span class='ocrx_word' id='word_1_274' title='bbox 896 3154 1022 3217; x_wconf 88' lang='lat' dir='ltr'><strong>traderet</strong></span> <span class='ocrx_word' id='word_1_275' title='bbox 1037 3153 1113 3215; x_wconf 87' lang='lat' dir='ltr'><strong>dice·</strong></span> <span class='ocrx_word' id='word_1_276' title='bbox 1215 3165 1221 3191; x_wconf 82' lang='lat'><em>&#39;</em></span> 
     </span>
     <span class='ocr_line' id='line_1_37' title="bbox 112 3239 944 3326; baseline -0.008 -21"><span class='ocrx_word' id='word_1_277' title='bbox 112 3255 235 3326; x_wconf 88' lang='lat' dir='ltr'><strong>retque,</strong></span> <span class='ocrx_word' id='word_1_278' title='bbox 265 3253 449 3307; x_wconf 81' lang='lat' dir='ltr'><strong>coenaturum</strong></span> <span class='ocrx_word' id='word_1_279' title='bbox 464 3242 539 3322; x_wconf 92' lang='lat' dir='ltr'><strong>apud</strong></span> <span class='ocrx_word' id='word_1_280' title='bbox 555 3239 711 3311; x_wconf 80' lang='lat' dir='ltr'><strong>Caesarem</strong></span> <span class='ocrx_word' id='word_1_281' title='bbox 726 3248 830 3303; x_wconf 77' lang='lat' dir='ltr'><strong>vocatu</strong></span> <span class='ocrx_word' id='word_1_282' title='bbox 844 3239 944 3320; x_wconf 76' lang='lat' dir='ltr'><strong>ipsius.</strong></span> 
     </span>
    </p>

    <p class='ocr_par' dir='ltr' id='par_1_14' title="bbox 175 3319 1157 3407">
     <span class='ocr_line' id='line_1_38' title="bbox 175 3319 1157 3407; baseline -0.01 -16"><span class='ocrx_word' id='word_1_283' title='bbox 175 3330 343 3407; x_wconf 88' lang='lat' dir='ltr'><strong>Vectigalia</strong></span> <span class='ocrx_word' id='word_1_284' title='bbox 362 3345 439 3389; x_wconf 87' lang='lat' dir='ltr'><strong>nova</strong></span> <span class='ocrx_word' id='word_1_285' title='bbox 460 3337 546 3405; x_wconf 90' lang='lat' dir='ltr'><strong>atque</strong></span> <span class='ocrx_word' id='word_1_286' title='bbox 570 3324 695 3387; x_wconf 88' lang='lat' dir='ltr'><strong>inaudita</strong></span> <span class='ocrx_word' id='word_1_287' title='bbox 721 3327 842 3403; x_wconf 79' lang='lat' dir='ltr'><strong>priunum</strong></span> <span class='ocrx_word' id='word_1_288' title='bbox 859 3340 913 3403; x_wconf 89' lang='lat' dir='ltr'><strong>per</strong></span> <span class='ocrx_word' id='word_1_289' title='bbox 933 3319 1157 3399; x_wconf 76' lang='lat' dir='ltr'><strong>publicanos,⁴l⁰</strong></span> 
     </span>
    </p>
   </div>
   <div class='ocr_carea' id='block_1_3' title="bbox 110 3398 1114 3496">
    <p class='ocr_par' dir='ltr' id='par_1_15' title="bbox 110 3398 1114 3496">
     <span class='ocr_line' id='line_1_39' title="bbox 110 3398 1114 3496; baseline -0.017 -20"><span class='ocrx_word' id='word_1_290' title='bbox 110 3414 238 3491; x_wconf 88' lang='lat' dir='ltr'><strong>deinde,</strong></span> <span class='ocrx_word' id='word_1_291' title='bbox 266 3415 332 3491; x_wconf 91' lang='lat' dir='ltr'><strong>quia</strong></span> <span class='ocrx_word' id='word_1_292' title='bbox 350 3403 462 3496; x_wconf 73' lang='lat' dir='ltr'><strong>lucratu</strong></span> <span class='ocrx_word' id='word_1_293' title='bbox 483 3408 678 3487; x_wconf 76' lang='lat' dir='ltr'><strong>exuberabat,</strong></span> <span class='ocrx_word' id='word_1_294' title='bbox 701 3427 755 3489; x_wconf 88' lang='lat' dir='ltr'><strong>per</strong></span> <span class='ocrx_word' id='word_1_295' title='bbox 772 3408 955 3469; x_wconf 90' lang='lat' dir='ltr'><strong>centuriones</strong></span> <span class='ocrx_word' id='word_1_296' title='bbox 974 3398 1114 3461; x_wconf 88' lang='lat' dir='ltr'><strong>tribunos-</strong></span> 
     </span>
    </p>
   </div>
   <div class='ocr_carea' id='block_1_4' title="bbox 0 0 1242 3775">
    <p class='ocr_par' dir='ltr' id='par_1_16' title="bbox 0 0 1242 3775">
     <span class='ocr_line' id='line_1_40' title="bbox 0 0 1242 3775; baseline 0 4"><span class='ocrx_word' id='word_1_297' title='bbox 0 0 1242 3775; x_wconf 95' lang='lat' dir='ltr'><strong> </strong></span> 
     </span>
    </p>
   </div>
  </div>
 </body>
</html>
