<?xml version="1.0" encoding="UTF-8"?>
<!DOCTYPE html PUBLIC "-//W3C//DTD XHTML 1.0 Transitional//EN"
    "http://www.w3.org/TR/xhtml1/DTD/xhtml1-transitional.dtd">
<html xmlns="http://www.w3.org/1999/xhtml" xml:lang="en" lang="en">
 <head>
  <title>
</title>
<meta http-equiv="Content-Type" content="text/html;charset=utf-8" />
  <meta name='ocr-system' content='tesseract 3.04.00' />
  <meta name='ocr-capabilities' content='ocr_page ocr_carea ocr_par ocr_line ocrx_word'/>
</head>
<body>
  <div class='ocr_page' id='page_1' title='image "./csuetonitranqui03rothgoog_0059.png"; bbox 0 0 2475 3775; ppageno 0'>
   <div class='ocr_carea' id='block_1_1' title="bbox 467 180 1014 237">
    <p class='ocr_par' dir='ltr' id='par_1_1' title="bbox 467 180 1014 237">
     <span class='ocr_line' id='line_1_1' title="bbox 467 180 1014 237; baseline 0.018 -11"><span class='ocrx_word' id='word_1_1' title='bbox 467 180 675 230; x_wconf 66' lang='lat' dir='ltr'><strong>renarrem.</strong></span> <span class='ocrx_word' id='word_1_2' title='bbox 948 185 1014 237; x_wconf 83' lang='lat' dir='ltr'>LIII</span> 
     </span>
    </p>
   </div>
   <div class='ocr_carea' id='block_1_2' title="bbox 71 337 1137 1162">
    <p class='ocr_par' dir='ltr' id='par_1_2' title="bbox 71 337 1137 991">
     <span class='ocr_line' id='line_1_2' title="bbox 172 337 1137 418; baseline 0.007 -26"><span class='ocrx_word' id='word_1_3' title='bbox 172 339 203 392; x_wconf 96' lang='lat' dir='ltr'><strong>ln</strong></span> <span class='ocrx_word' id='word_1_4' title='bbox 217 338 269 393; x_wconf 88' lang='lat' dir='ltr'><strong>huo</strong></span> <span class='ocrx_word' id='word_1_5' title='bbox 284 337 399 395; x_wconf 87' lang='lat' dir='ltr'><strong>raritate</strong></span> <span class='ocrx_word' id='word_1_6' title='bbox 415 337 581 410; x_wconf 89' lang='lat' dir='ltr'><strong>scriptorum</strong></span> <span class='ocrx_word' id='word_1_7' title='bbox 599 342 789 413; x_wconf 86' lang='lat' dir='ltr'><strong>exemplorum</strong></span> <span class='ocrx_word' id='word_1_8' title='bbox 805 344 879 414; x_wconf 76' lang='lat' dir='ltr'><strong>typis</strong></span> <span class='ocrx_word' id='word_1_9' title='bbox 895 362 1006 418; x_wconf 84' lang='lat' dir='ltr'><strong>qnoque</strong></span> <span class='ocrx_word' id='word_1_10' title='bbox 1021 356 1137 418; x_wconf 64' lang='lat' dir='ltr'><strong>nutatque.</strong></span> 
     </span>
     <span class='ocr_line' id='line_1_3' title="bbox 110 420 1137 497; baseline 0.008 -20"><span class='ocrx_word' id='word_1_11' title='bbox 110 422 308 493; x_wconf 89' lang='lat' dir='ltr'><strong>impressorum</strong></span> <span class='ocrx_word' id='word_1_12' title='bbox 324 421 397 477; x_wconf 91' lang='lat' dir='ltr'><strong>ratio</strong></span> <span class='ocrx_word' id='word_1_13' title='bbox 415 422 540 479; x_wconf 85' lang='lat' dir='ltr'><strong>habenda</strong></span> <span class='ocrx_word' id='word_1_14' title='bbox 557 428 616 491; x_wconf 92' lang='lat' dir='ltr'><strong>est,</strong></span> <span class='ocrx_word' id='word_1_15' title='bbox 638 440 728 495; x_wconf 89' lang='lat' dir='ltr'><strong>eoque</strong></span> <span class='ocrx_word' id='word_1_16' title='bbox 743 425 833 495; x_wconf 88' lang='lat' dir='ltr'><strong>magis</strong></span> <span class='ocrx_word' id='word_1_17' title='bbox 848 428 922 497; x_wconf 88' lang='lat' dir='ltr'><strong>quod</strong></span> <span class='ocrx_word' id='word_1_18' title='bbox 936 430 1008 484; x_wconf 90' lang='lat' dir='ltr'><strong>scri-</strong></span> <span class='ocrx_word' id='word_1_19' title='bbox 1026 420 1137 461; x_wconf 51' lang='grc' dir='ltr'><strong>ΜΨ</strong></span> 
     </span>
     <span class='ocr_line' id='line_1_4' title="bbox 109 503 1009 579; baseline 0.009 -20"><span class='ocrx_word' id='word_1_20' title='bbox 109 505 165 577; x_wconf 88' lang='lat' dir='ltr'><strong>ptis</strong></span> <span class='ocrx_word' id='word_1_21' title='bbox 178 508 269 560; x_wconf 85' lang='lat' dir='ltr'><strong>aetate</strong></span> <span class='ocrx_word' id='word_1_22' title='bbox 282 503 412 575; x_wconf 88' lang='lat' dir='ltr'><strong>supparia</strong></span> <span class='ocrx_word' id='word_1_23' title='bbox 428 510 492 559; x_wconf 91' lang='lat' dir='ltr'><strong>suut</strong></span> <span class='ocrx_word' id='word_1_24' title='bbox 505 512 533 561; x_wconf 91' lang='lat' dir='ltr'><strong>ct</strong></span> <span class='ocrx_word' id='word_1_25' title='bbox 550 522 587 561; x_wconf 85' lang='lat' dir='ltr'><strong>ex</strong></span> <span class='ocrx_word' id='word_1_26' title='bbox 599 506 713 579; x_wconf 90' lang='lat' dir='ltr'><strong>scriptis</strong></span> <span class='ocrx_word' id='word_1_27' title='bbox 725 508 871 565; x_wconf 78' lang='lat' dir='ltr'><strong>codicibus</strong></span> <span class='ocrx_word' id='word_1_28' title='bbox 887 510 1009 569; x_wconf 84' lang='lat' dir='ltr'><strong>fideliter</strong></span> 
     </span>
     <span class='ocr_line' id='line_1_5' title="bbox 109 586 1010 665; baseline 0.008 -22"><span class='ocrx_word' id='word_1_29' title='bbox 109 587 239 658; x_wconf 88' lang='lat' dir='ltr'><strong>repetite.</strong></span> <span class='ocrx_word' id='word_1_30' title='bbox 284 586 503 657; x_wconf 74' lang='lat' dir='ltr'><strong>Diligentissima</strong></span> <span class='ocrx_word' id='word_1_31' title='bbox 521 588 608 660; x_wconf 89' lang='lat' dir='ltr'><strong>igitur</strong></span> <span class='ocrx_word' id='word_1_32' title='bbox 620 589 838 662; x_wconf 72' lang='lat' dir='ltr'><strong>investigatione</strong></span> <span class='ocrx_word' id='word_1_33' title='bbox 857 608 908 664; x_wconf 90' lang='lat' dir='ltr'><strong>per</strong></span> <span class='ocrx_word' id='word_1_34' title='bbox 920 594 1010 665; x_wconf 91' lang='lat' dir='ltr'><strong>pluri·</strong></span> 
     </span>
     <span class='ocr_line' id='line_1_6' title="bbox 71 668 1011 742; baseline 0.01 -18"><span class='ocrx_word' id='word_1_35' title='bbox 71 724 84 737; x_wconf 59' lang='grc'>,</span> <span class='ocrx_word' id='word_1_36' title='bbox 108 686 167 725; x_wconf 92' lang='lat' dir='ltr'><strong>mus</strong></span> <span class='ocrx_word' id='word_1_37' title='bbox 184 668 372 726; x_wconf 85' lang='lat' dir='ltr'><strong>hihliothecas</strong></span> <span class='ocrx_word' id='word_1_38' title='bbox 395 670 467 727; x_wconf 88' lang='lat' dir='ltr'><strong>lecte</strong></span> <span class='ocrx_word' id='word_1_39' title='bbox 483 687 537 742; x_wconf 87' lang='lat' dir='ltr'><strong>ego</strong></span> <span class='ocrx_word' id='word_1_40' title='bbox 554 678 583 727; x_wconf 89' lang='lat' dir='ltr'><strong>et</strong></span> <span class='ocrx_word' id='word_1_41' title='bbox 596 672 678 728; x_wconf 88' lang='lat' dir='ltr'><strong>amici</strong></span> <span class='ocrx_word' id='word_1_42' title='bbox 695 679 754 730; x_wconf 90' lang='lat' dir='ltr'><strong>tres</strong></span> <span class='ocrx_word' id='word_1_43' title='bbox 771 674 911 732; x_wconf 82' lang='lat' dir='ltr'><strong>editiones</strong></span> <span class='ocrx_word' id='word_1_44' title='bbox 931 676 1011 733; x_wconf 82' lang='lat' dir='ltr'><strong>inva-</strong></span> 
     </span>
     <span class='ocr_line' id='line_1_7' title="bbox 110 752 1012 829; baseline 0.008 -21"><span class='ocrx_word' id='word_1_45' title='bbox 110 753 199 808; x_wconf 82' lang='lat' dir='ltr'><strong>nimus</strong></span> <span class='ocrx_word' id='word_1_46' title='bbox 227 752 429 825; x_wconf 89' lang='lat' dir='ltr'><strong>principum</strong></span> <span class='ocrx_word' id='word_1_47' title='bbox 458 754 570 810; x_wconf 89' lang='lat' dir='ltr'><strong>nominc</strong></span> <span class='ocrx_word' id='word_1_48' title='bbox 600 757 796 828; x_wconf 74' lang='lat' dir='ltr'><strong>appellendus,</strong></span> <span class='ocrx_word' id='word_1_49' title='bbox 827 759 901 829; x_wconf 88' lang='lat' dir='ltr'><strong>quod</strong></span> <span class='ocrx_word' id='word_1_50' title='bbox 935 776 1012 816; x_wconf 90' lang='lat' dir='ltr'><strong>suum</strong></span> 
     </span>
     <span class='ocr_line' id='line_1_8' title="bbox 110 835 1012 909; baseline 0.007 -19"><span class='ocrx_word' id='word_1_51' title='bbox 110 852 236 907; x_wconf 87' lang='lat' dir='ltr'><strong>quaeque</strong></span> <span class='ocrx_word' id='word_1_52' title='bbox 265 835 397 907; x_wconf 89' lang='lat' dir='ltr'><strong>scriptum</strong></span> <span class='ocrx_word' id='word_1_53' title='bbox 426 836 525 893; x_wconf 89' lang='lat' dir='ltr'><strong>lihrmn</strong></span> <span class='ocrx_word' id='word_1_54' title='bbox 550 839 693 909; x_wconf 90' lang='lat' dir='ltr'><strong>sequitur,</strong></span> <span class='ocrx_word' id='word_1_55' title='bbox 723 840 882 897; x_wconf 83' lang='lat' dir='ltr'><strong>uerissimes</strong></span> <span class='ocrx_word' id='word_1_56' title='bbox 906 857 1012 899; x_wconf 83' lang='lat' dir='ltr'><strong>ornnes.</strong></span> 
     </span>
     <span class='ocr_line' id='line_1_9' title="bbox 108 918 833 991; baseline 0.008 -18"><span class='ocrx_word' id='word_1_57' title='bbox 108 918 284 975; x_wconf 72' lang='lat' dir='ltr'><strong>dominamus</strong></span> <span class='ocrx_word' id='word_1_58' title='bbox 300 918 453 989; x_wconf 88' lang='lat' dir='ltr'><strong>incertam,</strong></span> <span class='ocrx_word' id='word_1_59' title='bbox 469 920 619 991; x_wconf 88' lang='lat' dir='ltr'><strong>Venetam,</strong></span> <span class='ocrx_word' id='word_1_60' title='bbox 637 923 833 979; x_wconf 84' lang='lat' dir='ltr'><strong>Florentinum.</strong></span> 
     </span>
    </p>

    <p class='ocr_par' dir='ltr' id='par_1_3' title="bbox 108 1002 1122 1162">
     <span class='ocr_line' id='line_1_10' title="bbox 172 1002 1122 1079; baseline 0.008 -23"><span class='ocrx_word' id='word_1_61' title='bbox 172 1003 342 1057; x_wconf 85' lang='lat' dir='ltr'><strong>lacertae</strong></span> <span class='ocrx_word' id='word_1_62' title='bbox 362 1002 513 1074; x_wconf 81' lang='lat' dir='ltr'><strong>editionis,</strong></span> <span class='ocrx_word' id='word_1_63' title='bbox 543 1020 614 1075; x_wconf 89' lang='lat' dir='ltr'><strong>quac</strong></span> <span class='ocrx_word' id='word_1_64' title='bbox 640 1006 736 1061; x_wconf 89' lang='lat' dir='ltr'><strong>urhem</strong></span> <span class='ocrx_word' id='word_1_65' title='bbox 759 1023 856 1062; x_wconf 91' lang='lat' dir='ltr'><strong>ennnm</strong></span> <span class='ocrx_word' id='word_1_66' title='bbox 876 1014 1011 1079; x_wconf 79' lang='lat' dir='ltr'><strong>typogre-</strong></span> <span class='ocrx_word' id='word_1_67' title='bbox 1039 1020 1122 1065; x_wconf 67' lang='lat' dir='ltr'><strong>marn</strong></span> 
     </span>
     <span class='ocr_line' id='line_1_11' title="bbox 108 1085 1011 1162; baseline 0.007 -21"><span class='ocrx_word' id='word_1_68' title='bbox 108 1086 190 1158; x_wconf 90' lang='lat' dir='ltr'><strong>phnm</strong></span> <span class='ocrx_word' id='word_1_69' title='bbox 207 1100 340 1156; x_wconf 90' lang='lat' dir='ltr'><strong>nusquam</strong></span> <span class='ocrx_word' id='word_1_70' title='bbox 359 1085 471 1157; x_wconf 83' lang='lat' dir='ltr'><strong>prodit,</strong></span> <span class='ocrx_word' id='word_1_71' title='bbox 493 1088 619 1159; x_wconf 83' lang='lat' dir='ltr'><strong>exempla</strong></span> <span class='ocrx_word' id='word_1_72' title='bbox 638 1088 716 1145; x_wconf 84' lang='lat' dir='ltr'><strong>toliis</strong></span> <span class='ocrx_word' id='word_1_73' title='bbox 735 1090 786 1146; x_wconf 85' lang='lat' dir='ltr'><strong>xv</strong></span> <span class='ocrx_word' id='word_1_74' title='bbox 799 1097 928 1147; x_wconf 78' lang='lat' dir='ltr'><strong>constant</strong></span> <span class='ocrx_word' id='word_1_75' title='bbox 942 1108 1011 1162; x_wconf 87' lang='lat' dir='ltr'><strong>qua-</strong></span> 
     </span>
    </p>
   </div>
   <div class='ocr_carea' id='block_1_3' title="bbox 25 1163 1011 1231">
    <p class='ocr_par' dir='ltr' id='par_1_4' title="bbox 25 1163 1011 1231">
     <span class='ocr_line' id='line_1_12' title="bbox 25 1163 1011 1231; baseline 0.008 -8"><span class='ocrx_word' id='word_1_76' title='bbox 25 1163 28 1169; x_wconf 86' lang='grc'><strong>’</strong></span> <span class='ocrx_word' id='word_1_77' title='bbox 109 1168 241 1224; x_wconf 88' lang='lat' dir='ltr'><strong>ternariis</strong></span> <span class='ocrx_word' id='word_1_78' title='bbox 254 1168 456 1226; x_wconf 79' lang='lat' dir='ltr'><strong>uersiculorum</strong></span> <span class='ocrx_word' id='word_1_79' title='bbox 468 1170 564 1226; x_wconf 85' lang='lat' dir='ltr'>XXIV.</span> <span class='ocrx_word' id='word_1_80' title='bbox 610 1171 717 1228; x_wconf 83' lang='lat' dir='ltr'><strong>Titulus</strong></span> <span class='ocrx_word' id='word_1_81' title='bbox 733 1172 894 1230; x_wconf 90' lang='lat' dir='ltr'><strong>maiusculis</strong></span> <span class='ocrx_word' id='word_1_82' title='bbox 909 1173 1011 1231; x_wconf 88' lang='lat' dir='ltr'><strong>littaris</strong></span> 
     </span>
    </p>
   </div>
   <div class='ocr_carea' id='block_1_4' title="bbox 107 1246 1105 1910">
    <p class='ocr_par' dir='ltr' id='par_1_5' title="bbox 107 1246 1105 1910">
     <span class='ocr_line' id='line_1_13' title="bbox 107 1246 1011 1330; baseline 0.008 -24"><span class='ocrx_word' id='word_1_83' title='bbox 107 1252 154 1307; x_wconf 93' lang='lat' dir='ltr'><strong>hic</strong></span> <span class='ocrx_word' id='word_1_84' title='bbox 173 1258 230 1307; x_wconf 84' lang='lat' dir='ltr'><strong>est:</strong></span> <span class='ocrx_word' id='word_1_85' title='bbox 253 1250 374 1307; x_wconf 82' lang='lat' dir='ltr'><strong>Suetonii</strong></span> <span class='ocrx_word' id='word_1_86' title='bbox 388 1251 544 1325; x_wconf 74' lang='lat' dir='ltr'><strong>dicoquiltr‘</strong></span> <span class='ocrx_word' id='word_1_87' title='bbox 565 1255 598 1309; x_wconf 87' lang='lat' dir='ltr'><strong>de</strong></span> <span class='ocrx_word' id='word_1_88' title='bbox 616 1246 829 1330; x_wconf 71' lang='lat' dir='ltr'><strong>{grammaticis</strong></span> <span class='ocrx_word' id='word_1_89' title='bbox 853 1262 880 1311; x_wconf 85' lang='lat' dir='ltr'><strong>et</strong></span> <span class='ocrx_word' id='word_1_90' title='bbox 900 1257 1011 1323; x_wconf 72' lang='lat' dir='ltr'><strong>rhetore]</strong></span> 
     </span>
     <span class='ocr_line' id='line_1_14' title="bbox 108 1334 1011 1411; baseline 0.008 -22"><span class='ocrx_word' id='word_1_91' title='bbox 108 1334 332 1390; x_wconf 62' lang='lat' dir='ltr'><strong>hortamentis</strong></span> <span class='ocrx_word' id='word_1_92' title='bbox 347 1334 451 1390; x_wconf 65' lang='lat' dir='ltr'><strong>tutellae</strong></span> <span class='ocrx_word' id='word_1_93' title='bbox 464 1336 600 1407; x_wconf 78' lang='lat' dir='ltr'><strong>foeliciter</strong></span> <span class='ocrx_word' id='word_1_94' title='bbox 615 1340 718 1408; x_wconf 79' lang='lat' dir='ltr'><strong>incipit.</strong></span> <span class='ocrx_word' id='word_1_95' title='bbox 749 1346 907 1411; x_wconf 89' lang='lat' dir='ltr'><strong>postremus</strong></span> <span class='ocrx_word' id='word_1_96' title='bbox 921 1341 1011 1397; x_wconf 85' lang='lat' dir='ltr'><strong>versi-</strong></span> 
     </span>
     <span class='ocr_line' id='line_1_15' title="bbox 109 1417 1012 1494; baseline 0.007 -22"><span class='ocrx_word' id='word_1_97' title='bbox 109 1418 187 1473; x_wconf 90' lang='lat' dir='ltr'><strong>culus</strong></span> <span class='ocrx_word' id='word_1_98' title='bbox 204 1417 267 1473; x_wconf 78' lang='lat' dir='ltr'><strong>hicz</strong></span> <span class='ocrx_word' id='word_1_99' title='bbox 290 1417 356 1478; x_wconf 80' lang='lat' dir='ltr'><strong>cito.</strong></span> <span class='ocrx_word' id='word_1_100' title='bbox 386 1417 497 1475; x_wconf 83' lang='lat' dir='ltr'><strong>FINlS</strong></span> <span class='ocrx_word' id='word_1_101' title='bbox 515 1420 635 1479; x_wconf 71' lang='lat' dir='ltr'><strong>murt.</strong></span> <span class='ocrx_word' id='word_1_102' title='bbox 669 1421 853 1493; x_wconf 80' lang='lat' dir='ltr'><strong>Gottingansa</strong></span> <span class='ocrx_word' id='word_1_103' title='bbox 868 1424 1012 1494; x_wconf 81' lang='lat' dir='ltr'><strong>exemplar</strong></span> 
     </span>
     <span class='ocr_line' id='line_1_16' title="bbox 110 1500 1012 1575; baseline 0.008 -20"><span class='ocrx_word' id='word_1_104' title='bbox 110 1500 205 1556; x_wconf 87' lang='lat' dir='ltr'><strong>Osann</strong></span> <span class='ocrx_word' id='word_1_105' title='bbox 221 1500 399 1572; x_wconf 78' lang='lat' dir='ltr'><strong>compererit,</strong></span> <span class='ocrx_word' id='word_1_106' title='bbox 416 1502 628 1575; x_wconf 79' lang='lat' dir='ltr'><strong>stuttgartinum</strong></span> <span class='ocrx_word' id='word_1_107' title='bbox 649 1505 839 1562; x_wconf 82' lang='lat' dir='ltr'><strong>Brencisci</strong></span> <span class='ocrx_word' id='word_1_108' title='bbox 854 1506 1012 1562; x_wconf 86' lang='lat' dir='ltr'><strong>Plciiiar</strong></span> 
     </span>
     <span class='ocr_line' id='line_1_17' title="bbox 108 1583 1013 1661; baseline 0.007 -23"><span class='ocrx_word' id='word_1_109' title='bbox 108 1585 142 1639; x_wconf 86' lang='lat' dir='ltr'><strong>v.</strong></span> <span class='ocrx_word' id='word_1_110' title='bbox 166 1583 196 1639; x_wconf 82' lang='grc'><strong>0.</strong></span> <span class='ocrx_word' id='word_1_111' title='bbox 224 1584 412 1641; x_wconf 79' lang='lat' dir='ltr'><strong>benivolentia</strong></span> <span class='ocrx_word' id='word_1_112' title='bbox 435 1588 624 1644; x_wconf 87' lang='lat' dir='ltr'><strong>transmissum</strong></span> <span class='ocrx_word' id='word_1_113' title='bbox 647 1604 717 1659; x_wconf 84' lang='lat' dir='ltr'><strong>ego:</strong></span> <span class='ocrx_word' id='word_1_114' title='bbox 752 1595 899 1661; x_wconf 87' lang='lat' dir='ltr'><strong>praeteree</strong></span> <span class='ocrx_word' id='word_1_115' title='bbox 920 1594 1013 1645; x_wconf 83' lang='lat' dir='ltr'><strong>exstat</strong></span> 
     </span>
     <span class='ocr_line' id='line_1_18' title="bbox 107 1666 1012 1746; baseline 0.004 -23"><span class='ocrx_word' id='word_1_116' title='bbox 107 1668 235 1723; x_wconf 85' lang='lat' dir='ltr'><strong>Venetiis</strong></span> <span class='ocrx_word' id='word_1_117' title='bbox 251 1666 279 1721; x_wconf 92' lang='lat' dir='ltr'><strong>in</strong></span> <span class='ocrx_word' id='word_1_118' title='bbox 293 1666 363 1723; x_wconf 90' lang='lat' dir='ltr'><strong>hihi.</strong></span> <span class='ocrx_word' id='word_1_119' title='bbox 377 1668 523 1727; x_wconf 90' lang='lat' dir='ltr'><strong>llarciena.</strong></span> <span class='ocrx_word' id='word_1_120' title='bbox 563 1671 695 1728; x_wconf 87' lang='lat' dir='ltr'><strong>Prodisse</strong></span> <span class='ocrx_word' id='word_1_121' title='bbox 711 1672 903 1746; x_wconf 86' lang='lat' dir='ltr'><strong>hihliographi</strong></span> <span class='ocrx_word' id='word_1_122' title='bbox 920 1674 1012 1728; x_wconf 86' lang='lat' dir='ltr'><strong>Vene-</strong></span> 
     </span>
     <span class='ocr_line' id='line_1_19' title="bbox 108 1750 1105 1827; baseline 0.006 -22"><span class='ocrx_word' id='word_1_123' title='bbox 108 1750 156 1806; x_wconf 92' lang='lat' dir='ltr'><strong>tiis</strong></span> <span class='ocrx_word' id='word_1_124' title='bbox 172 1750 286 1806; x_wconf 89' lang='lat' dir='ltr'><strong>circiter</strong></span> <span class='ocrx_word' id='word_1_125' title='bbox 299 1763 323 1804; x_wconf 82' lang='lat' dir='ltr'><strong>a.</strong></span> <span class='ocrx_word' id='word_1_126' title='bbox 341 1756 408 1811; x_wconf 76' lang='lat'>1472</span> <span class='ocrx_word' id='word_1_127' title='bbox 427 1769 462 1809; x_wconf 85' lang='lat' dir='ltr'><strong>ex</strong></span> <span class='ocrx_word' id='word_1_128' title='bbox 482 1754 593 1810; x_wconf 83' lang='lat' dir='ltr'><strong>cilicina</strong></span> <span class='ocrx_word' id='word_1_129' title='bbox 607 1754 715 1811; x_wconf 88' lang='lat' dir='ltr'><strong>Nicolai</strong></span> <span class='ocrx_word' id='word_1_130' title='bbox 734 1756 836 1812; x_wconf 89' lang='lat' dir='ltr'><strong>lauson</strong></span> <span class='ocrx_word' id='word_1_131' title='bbox 854 1756 1012 1827; x_wconf 81' lang='lat' dir='ltr'><strong>opinantur,</strong></span> <span class='ocrx_word' id='word_1_132' title='bbox 1103 1763 1105 1768; x_wconf 83' lang='grc'>’</span> 
     </span>
     <span class='ocr_line' id='line_1_20' title="bbox 107 1832 1013 1910; baseline 0.003 -18"><span class='ocrx_word' id='word_1_133' title='bbox 107 1832 434 1894; x_wconf 86' lang='lat' dir='ltr'><strong>mevulthumenissimus</strong></span> <span class='ocrx_word' id='word_1_134' title='bbox 447 1836 625 1910; x_wconf 86' lang='lat' dir='ltr'><strong>Iosephus</strong></span> <span class='ocrx_word' id='word_1_135' title='bbox 643 1838 893 1909; x_wconf 79' lang='lat' dir='ltr'><strong>valentinelli</strong></span> <span class='ocrx_word' id='word_1_136' title='bbox 908 1837 1013 1895; x_wconf 87' lang='lat' dir='ltr'><strong>ldedio·</strong></span> 
     </span>
    </p>
   </div>
   <div class='ocr_carea' id='block_1_5' title="bbox 107 1913 1119 2327">
    <p class='ocr_par' dir='ltr' id='par_1_6' title="bbox 107 1913 449 1992">
     <span class='ocr_line' id='line_1_21' title="bbox 107 1913 449 1992; baseline 0.006 -20"><span class='ocrx_word' id='word_1_137' title='bbox 107 1919 252 1974; x_wconf 83' lang='lat' dir='ltr'><strong>lunensem</strong></span> <span class='ocrx_word' id='word_1_138' title='bbox 268 1917 397 1974; x_wconf 83' lang='lat' dir='ltr'><strong>arbitrari</strong></span> <span class='ocrx_word' id='word_1_139' title='bbox 404 1913 449 1992; x_wconf 82' lang='lat'><strong>⁸¹).</strong></span> 
     </span>
    </p>

    <p class='ocr_par' dir='ltr' id='par_1_7' title="bbox 107 2001 1119 2327">
     <span class='ocr_line' id='line_1_22' title="bbox 173 2001 1119 2060; baseline 0.002 -4"><span class='ocrx_word' id='word_1_140' title='bbox 173 2003 343 2056; x_wconf 86' lang='lat' dir='ltr'><strong>Venetam</strong></span> <span class='ocrx_word' id='word_1_141' title='bbox 367 2001 516 2059; x_wconf 87' lang='lat' dir='ltr'><strong>editionem</strong></span> <span class='ocrx_word' id='word_1_142' title='bbox 538 2019 597 2059; x_wconf 90' lang='lat' dir='ltr'><strong>cum</strong></span> <span class='ocrx_word' id='word_1_143' title='bbox 614 2004 740 2060; x_wconf 89' lang='lat' dir='ltr'><strong>llodesto</strong></span> <span class='ocrx_word' id='word_1_144' title='bbox 756 2004 791 2059; x_wconf 91' lang='lat' dir='ltr'><strong>da</strong></span> <span class='ocrx_word' id='word_1_145' title='bbox 810 2020 843 2060; x_wconf 88' lang='lat' dir='ltr'><strong>re</strong></span> <span class='ocrx_word' id='word_1_146' title='bbox 856 2003 969 2059; x_wconf 88' lang='lat' dir='ltr'><strong>militari</strong></span> <span class='ocrx_word' id='word_1_147' title='bbox 985 2009 1014 2060; x_wconf 88' lang='lat' dir='ltr'><strong>et</strong></span> <span class='ocrx_word' id='word_1_148' title='bbox 1037 2015 1119 2059; x_wconf 75' lang='lat' dir='ltr'><strong>tasso</strong></span> 
     </span>
     <span class='ocr_line' id='line_1_23' title="bbox 109 2083 1011 2160; baseline 0.002 -20"><span class='ocrx_word' id='word_1_149' title='bbox 109 2084 208 2141; x_wconf 87' lang='lat' dir='ltr'><strong>lihello</strong></span> <span class='ocrx_word' id='word_1_150' title='bbox 229 2083 265 2140; x_wconf 91' lang='lat' dir='ltr'><strong>dc</strong></span> <span class='ocrx_word' id='word_1_151' title='bbox 281 2083 488 2154; x_wconf 87' lang='lat' dir='ltr'><strong>magistratihus</strong></span> <span class='ocrx_word' id='word_1_152' title='bbox 506 2087 680 2149; x_wconf 86' lang='lat' dir='ltr'><strong>coniunctam</strong></span> <span class='ocrx_word' id='word_1_153' title='bbox 698 2088 899 2160; x_wconf 89' lang='lat' dir='ltr'><strong>impresserunt</strong></span> <span class='ocrx_word' id='word_1_154' title='bbox 919 2088 1011 2144; x_wconf 82' lang='lat' dir='ltr'><strong>Barth.</strong></span> 
     </span>
     <span class='ocr_line' id='line_1_24' title="bbox 109 2167 1013 2228; baseline 0.004 -5"><span class='ocrx_word' id='word_1_155' title='bbox 109 2167 307 2224; x_wconf 81' lang='lat' dir='ltr'><strong>cremonensis</strong></span> <span class='ocrx_word' id='word_1_156' title='bbox 331 2185 364 2224; x_wconf 92' lang='lat' dir='ltr'><strong>ec</strong></span> <span class='ocrx_word' id='word_1_157' title='bbox 383 2170 475 2226; x_wconf 89' lang='lat' dir='ltr'><strong>Barth.</strong></span> <span class='ocrx_word' id='word_1_158' title='bbox 505 2173 539 2227; x_wconf 91' lang='lat' dir='ltr'><strong>de</strong></span> <span class='ocrx_word' id='word_1_159' title='bbox 561 2169 646 2228; x_wconf 77' lang='lat' dir='ltr'><strong>Cario</strong></span> <span class='ocrx_word' id='word_1_160' title='bbox 668 2171 860 2228; x_wconf 80' lang='lat' dir='ltr'><strong>vercellensis</strong></span> <span class='ocrx_word' id='word_1_161' title='bbox 886 2171 1013 2228; x_wconf 90' lang='lat' dir='ltr'><strong>consocii</strong></span> 
     </span>
     <span class='ocr_line' id='line_1_25' title="bbox 107 2246 1013 2327; baseline 0.003 -20"><span class='ocrx_word' id='word_1_162' title='bbox 107 2250 236 2307; x_wconf 81' lang='lat' dir='ltr'><strong>venetiis</strong></span> <span class='ocrx_word' id='word_1_163' title='bbox 253 2269 277 2308; x_wconf 87' lang='lat' dir='ltr'><strong>a.</strong></span> <span class='ocrx_word' id='word_1_164' title='bbox 295 2246 415 2323; x_wconf 68' lang='lat' dir='ltr'><strong>tw),</strong></span> <span class='ocrx_word' id='word_1_165' title='bbox 428 2253 571 2327; x_wconf 76' lang='lat' dir='ltr'><strong>inscripsit</strong></span> <span class='ocrx_word' id='word_1_166' title='bbox 587 2255 825 2311; x_wconf 81' lang='lat' dir='ltr'><strong>Reuerends&#39;ssimo</strong></span> <span class='ocrx_word' id='word_1_167' title='bbox 839 2255 946 2312; x_wconf 72' lang='lat' dir='ltr'><strong>maino</strong></span> <span class='ocrx_word' id='word_1_168' title='bbox 965 2255 1013 2310; x_wconf 86' lang='lat' dir='ltr'><strong>do-</strong></span> 
     </span>
    </p>
   </div>
   <div class='ocr_carea' id='block_1_6' title="bbox 107 2412 1015 3504">
    <p class='ocr_par' dir='ltr' id='par_1_8' title="bbox 107 2412 1013 2806">
     <span class='ocr_line' id='line_1_26' title="bbox 107 2412 1013 2484; baseline 0.003 -21"><span class='ocrx_word' id='word_1_169' title='bbox 107 2414 168 2463; x_wconf 86' lang='lat' dir='ltr'><strong>hihl.</strong></span> <span class='ocrx_word' id='word_1_170' title='bbox 185 2413 247 2462; x_wconf 89' lang='lat' dir='ltr'><strong>hihi.</strong></span> <span class='ocrx_word' id='word_1_171' title='bbox 265 2412 277 2461; x_wconf 93' lang='grc'><strong>1</strong></span> <span class='ocrx_word' id='word_1_172' title='bbox 295 2429 322 2478; x_wconf 89' lang='lat' dir='ltr'><strong>p.</strong></span> <span class='ocrx_word' id='word_1_173' title='bbox 338 2413 398 2465; x_wconf 80' lang='lat'><strong>524.</strong></span> <span class='ocrx_word' id='word_1_174' title='bbox 427 2441 459 2452; x_wconf 88' lang='lat'>-</span> <span class='ocrx_word' id='word_1_175' title='bbox 485 2415 644 2467; x_wconf 82' lang='lat' dir='ltr'><strong>Florentinns</strong></span> <span class='ocrx_word' id='word_1_176' title='bbox 668 2418 694 2466; x_wconf 91' lang='lat' dir='ltr'><strong>in</strong></span> <span class='ocrx_word' id='word_1_177' title='bbox 712 2418 882 2467; x_wconf 81' lang='lat' dir='ltr'><strong>Laurentisne</strong></span> <span class='ocrx_word' id='word_1_178' title='bbox 896 2417 960 2484; x_wconf 86' lang='lat' dir='ltr'><strong>plut.</strong></span> <span class='ocrx_word' id='word_1_179' title='bbox 979 2417 1013 2466; x_wconf 80' lang='lat' dir='ltr'><strong>BB</strong></span> 
     </span>
     <span class='ocr_line' id='line_1_27' title="bbox 108 2481 1012 2548; baseline 0.002 -18"><span class='ocrx_word' id='word_1_180' title='bbox 108 2481 165 2531; x_wconf 90' lang='lat' dir='ltr'><strong>cod.</strong></span> <span class='ocrx_word' id='word_1_181' title='bbox 182 2481 199 2530; x_wconf 89' lang='lat'>8</span> <span class='ocrx_word' id='word_1_182' title='bbox 218 2481 339 2532; x_wconf 84' lang='lat' dir='ltr'><strong>Caesares</strong></span> <span class='ocrx_word' id='word_1_183' title='bbox 356 2497 454 2546; x_wconf 86' lang='lat' dir='ltr'><strong>quoque</strong></span> <span class='ocrx_word' id='word_1_184' title='bbox 471 2482 582 2533; x_wconf 86' lang='lat' dir='ltr'><strong>Suetonii</strong></span> <span class='ocrx_word' id='word_1_185' title='bbox 599 2487 719 2548; x_wconf 88' lang='lat' dir='ltr'><strong>continet,</strong></span> <span class='ocrx_word' id='word_1_186' title='bbox 737 2487 782 2536; x_wconf 90' lang='lat' dir='ltr'><strong>ssd</strong></span> <span class='ocrx_word' id='word_1_187' title='bbox 798 2487 824 2535; x_wconf 90' lang='lat' dir='ltr'><strong>in</strong></span> <span class='ocrx_word' id='word_1_188' title='bbox 840 2485 1012 2535; x_wconf 83' lang='lat' dir='ltr'><strong>Grammaticis</strong></span> 
     </span>
     <span class='ocr_line' id='line_1_28' title="bbox 107 2548 1013 2619; baseline 0.002 -22"><span class='ocrx_word' id='word_1_189' title='bbox 107 2565 133 2614; x_wconf 92' lang='lat' dir='ltr'><strong>p.</strong></span> <span class='ocrx_word' id='word_1_190' title='bbox 150 2548 217 2609; x_wconf 77' lang='lat'><strong>265,</strong></span> <span class='ocrx_word' id='word_1_191' title='bbox 236 2550 248 2599; x_wconf 96' lang='lat' dir='ltr'><strong>l</strong></span> <span class='ocrx_word' id='word_1_192' title='bbox 266 2557 324 2615; x_wconf 89' lang='lat' dir='ltr'><strong>post</strong></span> <span class='ocrx_word' id='word_1_193' title='bbox 340 2549 391 2599; x_wconf 85' lang='lat' dir='ltr'><strong>Hic</strong></span> <span class='ocrx_word' id='word_1_194' title='bbox 402 2553 472 2601; x_wconf 79' lang='lat' dir='ltr'><strong>initio</strong></span> <span class='ocrx_word' id='word_1_195' title='bbox 490 2549 581 2606; x_wconf 81' lang='lat' dir='ltr'><strong>delicit.</strong></span> <span class='ocrx_word' id='word_1_196' title='bbox 606 2579 637 2592; x_wconf 89' lang='lat'><em>-</em></span> <span class='ocrx_word' id='word_1_197' title='bbox 657 2553 853 2619; x_wconf 82' lang='lat' dir='ltr'><strong>Neapolitanus,</strong></span> <span class='ocrx_word' id='word_1_198' title='bbox 876 2553 934 2602; x_wconf 92' lang='lat' dir='ltr'><strong>olim</strong></span> <span class='ocrx_word' id='word_1_199' title='bbox 953 2553 1013 2600; x_wconf 82' lang='lat' dir='ltr'><strong>Far-</strong></span> 
     </span>
     <span class='ocr_line' id='line_1_29' title="bbox 109 2617 1013 2686; baseline 0.001 -21"><span class='ocrx_word' id='word_1_200' title='bbox 109 2617 231 2666; x_wconf 86' lang='lat' dir='ltr'><strong>nesianus</strong></span> <span class='ocrx_word' id='word_1_201' title='bbox 250 2618 312 2677; x_wconf 79' lang='lat'><strong>121,</strong></span> <span class='ocrx_word' id='word_1_202' title='bbox 334 2617 409 2668; x_wconf 90' lang='lat' dir='ltr'><strong>hodie</strong></span> <span class='ocrx_word' id='word_1_203' title='bbox 425 2620 571 2669; x_wconf 87' lang='lat' dir='ltr'><strong>inscribitur</strong></span> <span class='ocrx_word' id='word_1_204' title='bbox 587 2621 653 2670; x_wconf 89' lang='lat' dir='ltr'><strong>Bihl.</strong></span> <span class='ocrx_word' id='word_1_205' title='bbox 671 2621 735 2686; x_wconf 88' lang='lat' dir='ltr'><strong>Reg.</strong></span> <span class='ocrx_word' id='word_1_206' title='bbox 753 2623 795 2670; x_wconf 89' lang='lat' dir='ltr'><strong>IV.</strong></span> <span class='ocrx_word' id='word_1_207' title='bbox 821 2636 843 2672; x_wconf 86' lang='lat' dir='ltr'><strong>c.</strong></span> <span class='ocrx_word' id='word_1_208' title='bbox 861 2622 903 2671; x_wconf 85' lang='grc'><strong>21.</strong></span> <span class='ocrx_word' id='word_1_209' title='bbox 920 2643 953 2654; x_wconf 88' lang='grc'>-</span> <span class='ocrx_word' id='word_1_210' title='bbox 975 2618 1013 2667; x_wconf 90' lang='lat' dir='ltr'><strong>De</strong></span> 
     </span>
     <span class='ocr_line' id='line_1_30' title="bbox 108 2685 1012 2755; baseline -0.001 -21"><span class='ocrx_word' id='word_1_211' title='bbox 108 2685 261 2746; x_wconf 75' lang='lat' dir='ltr'><strong>liconiensi,</strong></span> <span class='ocrx_word' id='word_1_212' title='bbox 278 2685 321 2749; x_wconf 89' lang='lat' dir='ltr'><strong>qui</strong></span> <span class='ocrx_word' id='word_1_213' title='bbox 337 2685 395 2735; x_wconf 89' lang='lat' dir='ltr'><strong>olim</strong></span> <span class='ocrx_word' id='word_1_214' title='bbox 410 2687 511 2736; x_wconf 89' lang='lat' dir='ltr'><strong>loannis</strong></span> <span class='ocrx_word' id='word_1_215' title='bbox 528 2686 647 2737; x_wconf 87' lang='lat' dir='ltr'><strong>Grammii</strong></span> <span class='ocrx_word' id='word_1_216' title='bbox 665 2688 721 2749; x_wconf 87' lang='lat' dir='ltr'><strong>luit,</strong></span> <span class='ocrx_word' id='word_1_217' title='bbox 738 2687 784 2739; x_wconf 85' lang='lat' dir='ltr'><strong>cir.</strong></span> <span class='ocrx_word' id='word_1_218' title='bbox 803 2687 916 2736; x_wconf 79' lang='lat' dir='ltr'><strong>Arntzen</strong></span> <span class='ocrx_word' id='word_1_219' title='bbox 930 2685 1012 2755; x_wconf 87' lang='lat' dir='ltr'><strong>prael.</strong></span> 
     </span>
     <span class='ocr_line' id='line_1_31' title="bbox 110 2753 690 2806; baseline 0.002 -4"><span class='ocrx_word' id='word_1_220' title='bbox 110 2753 142 2802; x_wconf 90' lang='lat' dir='ltr'><strong>ad</strong></span> <span class='ocrx_word' id='word_1_221' title='bbox 157 2754 221 2802; x_wconf 81' lang='lat' dir='ltr'><strong>Aur.</strong></span> <span class='ocrx_word' id='word_1_222' title='bbox 241 2753 376 2806; x_wconf 88' lang='lat' dir='ltr'><strong>Victorem.</strong></span> <span class='ocrx_word' id='word_1_223' title='bbox 679 2781 690 2794; x_wconf 47' lang='grc' dir='ltr'>κ</span> 
     </span>
    </p>

    <p class='ocr_par' dir='ltr' id='par_1_9' title="bbox 107 2819 1015 3442">
     <span class='ocr_line' id='line_1_32' title="bbox 178 2819 1014 2888; baseline 0.001 -17"><span class='ocrx_word' id='word_1_224' title='bbox 178 2819 227 2884; x_wconf 81' lang='lat' dir='ltr'><strong>Bt)</strong></span> <span class='ocrx_word' id='word_1_225' title='bbox 245 2821 368 2871; x_wconf 84' lang='lat' dir='ltr'><strong>Venetam</strong></span> <span class='ocrx_word' id='word_1_226' title='bbox 387 2823 454 2872; x_wconf 87' lang='lat' dir='ltr'><strong>enim</strong></span> <span class='ocrx_word' id='word_1_227' title='bbox 472 2823 615 2888; x_wconf 89' lang='lat' dir='ltr'><strong>exemplum</strong></span> <span class='ocrx_word' id='word_1_228' title='bbox 637 2824 717 2875; x_wconf 80' lang='lat' dir='ltr'><strong>class.</strong></span> <span class='ocrx_word' id='word_1_229' title='bbox 735 2822 806 2886; x_wconf 84' lang='lat' dir='ltr'><strong>XlV,</strong></span> <span class='ocrx_word' id='word_1_230' title='bbox 826 2823 876 2874; x_wconf 84' lang='grc'><strong>176</strong></span> <span class='ocrx_word' id='word_1_231' title='bbox 901 2837 951 2873; x_wconf 90' lang='lat' dir='ltr'><strong>uno</strong></span> <span class='ocrx_word' id='word_1_232' title='bbox 969 2837 1014 2872; x_wconf 86' lang='lat' dir='ltr'><strong>vo·</strong></span> 
     </span>
     <span class='ocr_line' id='line_1_33' title="bbox 108 2889 1014 2957; baseline 0.001 -18"><span class='ocrx_word' id='word_1_233' title='bbox 108 2890 205 2939; x_wconf 89' lang='lat' dir='ltr'><strong>lumine</strong></span> <span class='ocrx_word' id='word_1_234' title='bbox 223 2889 369 2955; x_wconf 86' lang='lat' dir='ltr'><strong>colligatum</strong></span> <span class='ocrx_word' id='word_1_235' title='bbox 385 2898 423 2939; x_wconf 91' lang='lat' dir='ltr'><strong>est</strong></span> <span class='ocrx_word' id='word_1_236' title='bbox 441 2905 498 2939; x_wconf 90' lang='lat' dir='ltr'><strong>cnm</strong></span> <span class='ocrx_word' id='word_1_237' title='bbox 516 2890 697 2941; x_wconf 86' lang='lat' dir='ltr'><strong>Mediolanensi</strong></span> <span class='ocrx_word' id='word_1_238' title='bbox 711 2892 796 2954; x_wconf 89' lang='lat' dir='ltr'><strong>eliqua</strong></span> <span class='ocrx_word' id='word_1_239' title='bbox 809 2891 918 2942; x_wconf 84' lang='lat' dir='ltr'><strong>editione</strong></span> <span class='ocrx_word' id='word_1_240' title='bbox 936 2890 1014 2957; x_wconf 87' lang='lat' dir='ltr'><strong>(llain</strong></span> 
     </span>
     <span class='ocr_line' id='line_1_34' title="bbox 109 2955 1014 3025; baseline 0.001 -17"><span class='ocrx_word' id='word_1_241' title='bbox 109 2973 153 3011; x_wconf 91' lang='lat' dir='ltr'><strong>no.</strong></span> <span class='ocrx_word' id='word_1_242' title='bbox 174 2955 257 3021; x_wconf 78' lang='lat'>6964)</span> <span class='ocrx_word' id='word_1_243' title='bbox 276 2959 347 3007; x_wconf 87' lang='lat' dir='ltr'><strong>cuins</strong></span> <span class='ocrx_word' id='word_1_244' title='bbox 367 2958 577 3024; x_wconf 68' lang='lat' dir='ltr'><strong>typographicam</strong></span> <span class='ocrx_word' id='word_1_245' title='bbox 598 2973 698 3022; x_wconf 89' lang='lat' dir='ltr'><strong>quoqne</strong></span> <span class='ocrx_word' id='word_1_246' title='bbox 714 2960 824 3025; x_wconf 88' lang='lat' dir='ltr'><strong>speciem</strong></span> <span class='ocrx_word' id='word_1_247' title='bbox 842 2960 928 3010; x_wconf 87' lang='lat' dir='ltr'><strong>relert.</strong></span> <span class='ocrx_word' id='word_1_248' title='bbox 967 2959 1014 3009; x_wconf 79' lang='lat' dir='ltr'><strong>ce-</strong></span> 
     </span>
     <span class='ocr_line' id='line_1_35' title="bbox 107 3026 1013 3090; baseline -0.001 -14"><span class='ocrx_word' id='word_1_249' title='bbox 107 3036 192 3076; x_wconf 88' lang='lat' dir='ltr'><strong>terum</strong></span> <span class='ocrx_word' id='word_1_250' title='bbox 214 3027 334 3090; x_wconf 84' lang='lat' dir='ltr'><strong>repetivit</strong></span> <span class='ocrx_word' id='word_1_251' title='bbox 355 3034 379 3076; x_wconf 91' lang='lat' dir='ltr'><strong>et</strong></span> <span class='ocrx_word' id='word_1_252' title='bbox 400 3027 542 3076; x_wconf 86' lang='lat' dir='ltr'><strong>emendavit</strong></span> <span class='ocrx_word' id='word_1_253' title='bbox 562 3029 685 3076; x_wconf 80' lang='lat' dir='ltr'><strong>Incertam</strong></span> <span class='ocrx_word' id='word_1_254' title='bbox 709 3026 842 3078; x_wconf 89' lang='lat' dir='ltr'><strong>editionem</strong></span> <span class='ocrx_word' id='word_1_255' title='bbox 866 3028 1013 3086; x_wconf 85' lang='lat' dir='ltr'><strong>Beroaldus,</strong></span> 
     </span>
     <span class='ocr_line' id='line_1_36' title="bbox 108 3093 1015 3159; baseline -0.002 -15"><span class='ocrx_word' id='word_1_256' title='bbox 108 3103 137 3144; x_wconf 93' lang='lat' dir='ltr'><strong>ut</strong></span> <span class='ocrx_word' id='word_1_257' title='bbox 155 3093 241 3142; x_wconf 85' lang='lat' dir='ltr'><strong>ierant</strong></span> <span class='ocrx_word' id='word_1_258' title='bbox 256 3093 385 3144; x_wconf 89' lang='lat' dir='ltr'><strong>Bononiae</strong></span> <span class='ocrx_word' id='word_1_259' title='bbox 403 3110 427 3144; x_wconf 89' lang='lat' dir='ltr'><strong>a.</strong></span> <span class='ocrx_word' id='word_1_260' title='bbox 449 3094 529 3156; x_wconf 71' lang='lat'>15043</span> <span class='ocrx_word' id='word_1_261' title='bbox 555 3110 637 3159; x_wconf 87' lang='lat' dir='ltr'><strong>neque</strong></span> <span class='ocrx_word' id='word_1_262' title='bbox 658 3095 725 3145; x_wconf 89' lang='lat' dir='ltr'><strong>anim</strong></span> <span class='ocrx_word' id='word_1_263' title='bbox 749 3097 809 3146; x_wconf 88' lang='lat' dir='ltr'><strong>novi</strong></span> <span class='ocrx_word' id='word_1_264' title='bbox 830 3097 878 3147; x_wconf 88' lang='lat' dir='ltr'><strong>nisi</strong></span> <span class='ocrx_word' id='word_1_265' title='bbox 896 3094 1015 3159; x_wconf 80' lang='lat' dir='ltr'><strong>l&#39;rihnrgi</strong></span> 
     </span>
     <span class='ocr_line' id='line_1_37' title="bbox 109 3161 1015 3228; baseline 0 -16"><span class='ocrx_word' id='word_1_266' title='bbox 109 3164 240 3212; x_wconf 87' lang='lat' dir='ltr'><strong>inventam</strong></span> <span class='ocrx_word' id='word_1_267' title='bbox 252 3163 432 3228; x_wconf 88' lang='lat' dir='ltr'><strong>repetitionem,</strong></span> <span class='ocrx_word' id='word_1_268' title='bbox 447 3177 522 3226; x_wconf 89' lang='lat' dir='ltr'><strong>quam</strong></span> <span class='ocrx_word' id='word_1_269' title='bbox 537 3164 570 3214; x_wconf 84' lang='lat' dir='ltr'><strong>ht.</strong></span> <span class='ocrx_word' id='word_1_270' title='bbox 581 3162 730 3214; x_wconf 88' lang='lat' dir='ltr'><strong>Schurerins</strong></span> <span class='ocrx_word' id='word_1_271' title='bbox 739 3164 776 3214; x_wconf 79' lang='lat' dir='ltr'><strong>Ar</strong></span> <span class='ocrx_word' id='word_1_272' title='bbox 796 3161 1015 3215; x_wconf 85' lang='lat' dir='ltr'><strong>entoratia.1510</strong></span> 
     </span>
     <span class='ocr_line' id='line_1_38' title="bbox 109 3231 1013 3296; baseline 0.002 -16"><span class='ocrx_word' id='word_1_273' title='bbox 109 3231 194 3280; x_wconf 86' lang='lat' dir='ltr'><strong>emisit</strong></span> <span class='ocrx_word' id='word_1_274' title='bbox 208 3245 244 3280; x_wconf 75' lang='lat' dir='ltr'><strong>ec</strong></span> <span class='ocrx_word' id='word_1_275' title='bbox 255 3233 420 3294; x_wconf 69' lang='lat' dir='ltr'><strong>emtigatioae</strong></span> <span class='ocrx_word' id='word_1_276' title='bbox 435 3231 548 3296; x_wconf 80' lang='lat' dir='ltr'><strong>Philippi</strong></span> <span class='ocrx_word' id='word_1_277' title='bbox 556 3233 693 3288; x_wconf 75' lang='lat' dir='ltr'><strong>Beroaldi:</strong></span> <span class='ocrx_word' id='word_1_278' title='bbox 709 3232 755 3286; x_wconf 87' lang='lat' dir='ltr'><strong>cir.</strong></span> <span class='ocrx_word' id='word_1_279' title='bbox 802 3232 887 3282; x_wconf 82' lang='lat' dir='ltr'><strong>hrdter</strong></span> <span class='ocrx_word' id='word_1_280' title='bbox 903 3232 936 3280; x_wconf 90' lang='lat' dir='ltr'><strong>ad</strong></span> <span class='ocrx_word' id='word_1_281' title='bbox 948 3231 1013 3282; x_wconf 83' lang='lat' dir='ltr'><strong>Aur.</strong></span> 
     </span>
     <span class='ocr_line' id='line_1_39' title="bbox 110 3297 1014 3366; baseline 0 -20"><span class='ocrx_word' id='word_1_282' title='bbox 110 3298 240 3348; x_wconf 81' lang='lat' dir='ltr'><strong>Victorem</strong></span> <span class='ocrx_word' id='word_1_283' title='bbox 259 3299 291 3348; x_wconf 87' lang='lat' dir='ltr'><strong>dc</strong></span> <span class='ocrx_word' id='word_1_284' title='bbox 308 3299 370 3349; x_wconf 88' lang='lat' dir='ltr'><strong>viris</strong></span> <span class='ocrx_word' id='word_1_285' title='bbox 387 3300 526 3350; x_wconf 88' lang='lat' dir='ltr'><strong>illustribus</strong></span> <span class='ocrx_word' id='word_1_286' title='bbox 545 3316 570 3366; x_wconf 91' lang='lat' dir='ltr'><strong>p.</strong></span> <span class='ocrx_word' id='word_1_287' title='bbox 586 3300 646 3352; x_wconf 83' lang='grc' dir='ltr'><strong>ΧΠ.</strong></span> <span class='ocrx_word' id='word_1_288' title='bbox 666 3300 785 3351; x_wconf 89' lang='lat' dir='ltr'><strong>Beroaldi</strong></span> <span class='ocrx_word' id='word_1_289' title='bbox 800 3301 880 3366; x_wconf 90' lang='lat' dir='ltr'><strong>igitur</strong></span> <span class='ocrx_word' id='word_1_290' title='bbox 896 3297 1014 3349; x_wconf 88' lang='lat' dir='ltr'><strong>emenda·</strong></span> 
     </span>
     <span class='ocr_line' id='line_1_40' title="bbox 111 3366 1011 3442; baseline -0.003 -26"><span class='ocrx_word' id='word_1_291' title='bbox 111 3368 195 3417; x_wconf 88' lang='lat' dir='ltr'><strong>tiones</strong></span> <span class='ocrx_word' id='word_1_292' title='bbox 211 3383 227 3416; x_wconf 90' lang='lat' dir='ltr'><strong>a</strong></span> <span class='ocrx_word' id='word_1_293' title='bbox 242 3368 342 3416; x_wconf 89' lang='lat' dir='ltr'><strong>nemine</strong></span> <span class='ocrx_word' id='word_1_294' title='bbox 359 3377 566 3419; x_wconf 86' lang='lat' dir='ltr'><strong>commemoratas</strong></span> <span class='ocrx_word' id='word_1_295' title='bbox 581 3383 614 3418; x_wconf 83' lang='lat' dir='ltr'><strong>ex</strong></span> <span class='ocrx_word' id='word_1_296' title='bbox 631 3368 679 3418; x_wconf 91' lang='lat' dir='ltr'><strong>hac</strong></span> <span class='ocrx_word' id='word_1_297' title='bbox 694 3370 843 3434; x_wconf 90' lang='lat' dir='ltr'><strong>repetitione</strong></span> <span class='ocrx_word' id='word_1_298' title='bbox 859 3366 978 3432; x_wconf 82' lang='lat' dir='ltr'><strong>cognovi.</strong></span> <span class='ocrx_word' id='word_1_299' title='bbox 1003 3428 1011 3442; x_wconf 40' lang='lat'>¹</span> 
     </span>
    </p>

    <p class='ocr_par' dir='ltr' id='par_1_10' title="bbox 180 3431 1013 3504">
     <span class='ocr_line' id='line_1_41' title="bbox 180 3431 1013 3504; baseline -0.008 -19"><span class='ocrx_word' id='word_1_300' title='bbox 180 3434 227 3499; x_wconf 77' lang='lat'><strong>32)</strong></span> <span class='ocrx_word' id='word_1_301' title='bbox 244 3436 314 3486; x_wconf 87' lang='lat' dir='ltr'><strong>idem</strong></span> <span class='ocrx_word' id='word_1_302' title='bbox 329 3436 471 3501; x_wconf 88' lang='lat' dir='ltr'><strong>exemplum</strong></span> <span class='ocrx_word' id='word_1_303' title='bbox 487 3437 610 3487; x_wconf 88' lang='lat' dir='ltr'><strong>Melttaire</strong></span> <span class='ocrx_word' id='word_1_304' title='bbox 627 3437 774 3504; x_wconf 88' lang='lat' dir='ltr'><strong>descripsit,</strong></span> <span class='ocrx_word' id='word_1_305' title='bbox 789 3435 818 3488; x_wconf 89' lang='lat' dir='ltr'><strong>P.</strong></span> <span class='ocrx_word' id='word_1_306' title='bbox 830 3435 950 3485; x_wconf 83' lang='lat' dir='ltr'><strong>Pithoeus</strong></span> <span class='ocrx_word' id='word_1_307' title='bbox 963 3431 1013 3478; x_wconf 86' lang='lat' dir='ltr'><strong>nien</strong></span> 
     </span>
    </p>
   </div>
   <div class='ocr_carea' id='block_1_7' title="bbox 0 0 1243 3775">
    <p class='ocr_par' dir='ltr' id='par_1_11' title="bbox 0 0 1243 3775">
     <span class='ocr_line' id='line_1_42' title="bbox 0 0 1243 3775; baseline 0 0"><span class='ocrx_word' id='word_1_308' title='bbox 0 0 1243 3775; x_wconf 95' lang='lat' dir='ltr'><strong> </strong></span> 
     </span>
    </p>
   </div>
  </div>
 </body>
</html>
