2475 3775
480 185 584 238 ntves
606 186 734 256 murus.
1063 179 1101 242 31

103 357 175 401 usus
188 338 383 402 dominatione
402 348 433 400 et
452 341 515 401 iure
531 358 635 404 caesus
652 306 842 404 existimetur.
883 341 951 407 Non
964 344 1102 407 euimbo·

103 443 193 486 neres
212 424 299 485 medo
317 424 421 484 nimios
442 426 569 505 recepit:
597 417 761 488 continuum
782 427 978 506 consulatum,
997 447 1102 510 perpe·

102 519 181 570 mam
198 508 381 587 dictaturam,
405 509 674 590 praefecturamque
693 529 818 588 morum,
838 512 958 590 insuper
980 530 1102 592 praeno·

100 611 169 653 men
193 591 399 672 Imperatoris,
429 597 591 671 cognomen
613 594 707 657 Patris
732 597 858 676 patriae,
883 604 1005 656 statuam
1027 597 1103 657 inter

78 695 209 754 areges,
236 686 406 754 suggestum
424 679 452 737 in
471 676 624 741 orchestra
630 703 638 750 ;
664 679 717 740 sed
736 688 767 742 et
786 680 928 759 ampliora
946 681 1033 741 etiam
1051 679 1102 741 bu·
1134 730 1139 740 „

100 771 187 822 mano
203 761 322 839 fastigio
337 761 456 822 decerni
473 760 528 822 sibi
543 781 647 843 passus
660 773 721 824 cst:
739 763 840 826 sedem
853 782 969 826 auream
981 765 1011 824 in
1023 765 1103 825 curia

101 855 133 906 et
147 862 202 925 pro
215 844 367 924 tribunali,
384 855 494 907 tensam
507 847 692 908 eticrculum
706 849 832 910 circensi
844 866 966 929 pompa,
983 847 1102 927 templa,

102 948 182 1006 aras,
205 929 357 991 simulacra
377 933 456 992 iuxta
478 931 567 1008 daos,
593 931 742 1012 puluinar,
767 933 925 1011 bominem,
952 933 1101 1013 lupercos,

101 1007 329 1094 appellationem
343 1017 451 1076 mensis
468 1034 485 1075 e
504 1033 557 1076 suo
573 1018 703 1087 nomine;
723 1035 759 1077 ac
782 1018 879 1078 nullos
899 1034 956 1076 uon
971 1016 1102 1077 bonores

64 1117 92 1160 ue
101 1098 146 1160 ad
154 1097 302 1158 libidinem
322 1101 401 1178 cepit
415 1109 444 1159 et
456 1099 543 1160 dedit.
587 1099 714 1160 Tertium
729 1110 760 1162 et
777 1109 905 1180 quartum
922 1100 1101 1162 consulatum

101 1181 185 1242 titulo
206 1190 289 1244 tenus
307 1185 416 1261 gessit,
440 1192 592 1244 contentus
614 1183 773 1246 dictaturae
795 1193 940 1264 potestate
961 1184 1100 1245 decretae

101 1283 166 1327 cum
183 1265 380 1326 consulatibus
395 1266 494 1346 simul,
515 1275 600 1347 atquc
621 1277 744 1348 unoque
764 1285 838 1329 aune
858 1268 943 1328 binos
963 1267 1101 1329 consules

100 1349 248 1421 substituit
261 1349 317 1410 sibi
331 1351 360 1410 in
374 1360 473 1412 ternos
484 1353 659 1414 notissimos
670 1370 801 1430 menses,
821 1353 861 1413 ita
876 1360 907 1411 ut
920 1351 1015 1412 medio
1029 1361 1099 1412 tern-

101 1431 176 1514 pore
196 1435 312 1494 comitia
333 1435 410 1496 nulla
430 1434 562 1496 babuerit
587 1445 704 1516 praeter
721 1436 897 1498 eitunortnn
918 1445 952 1496 et
965 1435 1100 1507 aedilium

64 1517 212 1599 replebis,
234 1517 461 1598 praefectosque
478 1536 536 1598 pro
557 1520 740 1601 praetoribus
763 1521 960 1597 constituerit,
981 1522 1028 1600 qui
1049 1538 1098 1599 ap·
1219 1521 1223 1528 '

100 1612 186 1663 sente
208 1620 242 1664 sc
261 1621 311 1663 res
333 1602 456 1664 urbanas
477 1603 716 1666 administrarent.
759 1605 854 1666 Pridie
877 1613 972 1665 autem
993 1603 1098 1668 Kalen·

99 1688 152 1749 das
164 1686 311 1748 lanuarias
325 1689 476 1766 repentina
489 1689 617 1749 consulis
631 1699 724 1750 morte
738 1698 901 1750 cessantem
915 1687 1056 1749 bonorem
1068 1689 1099 1746 in

99 1789 209 1852 paucas
232 1770 321 1837 boras
342 1770 452 1850 petenti
476 1770 564 1832 dedit.
607 1772 717 1845 Eadem
739 1771 857 1834 lieentia
876 1782 977 1851 spreto
1003 1772 1097 1851 patrio

98 1873 197 1934 more,
212 1856 397 1933 magistratus
412 1856 441 1915 in
455 1855 546 1934 pluris
560 1873 651 1918 annos
665 1856 824 1932 ordinavit,
834 1855 940 1917 decem
953 1855 1098 1935 praetoris

61 1941 170 2003 suriris
185 1940 348 2001 consularia
365 1948 531 2002 ornamenta
544 1935 658 2020 tribuit,
674 1943 791 2001 civitate
808 1940 948 2016 donatos,
967 1947 998 1999 et
1011 1956 1097 2017 quos·

98 2025 163 2086 dam
177 2042 194 2084 e
209 2023 589 2101 semibarbarisilallorum,
611 2026 726 2105 recepit
738 2025 768 2085 in
783 2026 899 2085 curiam.
942 2022 1098 2084 Praeterea
1126 2066 1129 2070 ›

97 2117 233 2169 monetae
252 2107 436 2188 publicisque
457 2108 651 2186 vectigalibus
670 2110 835 2190 peculiares
853 2125 958 2169 servos
973 2123 1124 2189 praepo-e

98 2194 165 2253 snit.
202 2192 297 2253 Trium
310 2191 472 2270 legionum,
487 2210 558 2271 quas
571 2193 775 2255 Alexandreae
788 2192 984 2272 relinquebat,
1000 2208 1097 2251 curam

98 2286 129 2337 et
143 2278 295 2357 imperium
305 2276 398 2339 llufirii
413 2276 510 2338 liberti
523 2278 566 2338 sui
582 2277 659 2355 lilio,
674 2277 810 2339 exsoluto
824 2292 892 2353 suo,
906 2275 1096 2337 demandavit.

63 2359 163 2421 ssNec
186 2361 305 2421 minoris
329 2362 506 2441 inpotentiae
528 2380 621 2423 voces
644 2361 795 2442 propalam
816 2359 997 2437 edebat,.ut
1016 2359 1096 2420 Titus
1105 2370 1138 2425 77

98 2445 220 2523 Ampius
241 2443 357 2522 scribit,
383 2443 469 2507 Nibil
490 2462 559 2507 esse
576 2464 643 2507 ron
662 2444 836 2525 publicaue,
859 2443 1098 2523 eppettatteaeu

97 2528 191 2589 mode
214 2528 281 2589 sine
304 2547 437 2608 corpore
461 2547 502 2591 cc
520 2530 633 2609 specie.
673 2528 794 2591 Sullam
811 2529 948 2589 sermm
965 2528 1097 2601 litteras,

98 2614 153 2692 qui
165 2612 351 2675 dictaturam
366 2614 551 2692 deposuerit.
583 2612 706 2679 Debere
718 2612 854 2674 domines
869 2609 1099 2672 cmuideratius

97 2698 162 2757 iem
177 2696 263 2777 loqui
275 2714 392 2773 secum,
420 2714 460 2758 uc
475 2715 537 2775 pro
557 2695 675 2776 legibus
688 2695 805 2758 laudem
817 2713 898 2773 qnae
911 2694 1004 2755 dicct.
1021 2692 1096 2771 ,Eo

62 2798 155 2861 suque
167 2782 353 2859 arrogantiae
373 2798 549 2861 progressus
564 2789 626 2857 est,
648 2789 695 2859 ut,
715 2780 868 2860 haruspice
883 2778 976 2838 tristia
988 2786 1018 2838 et
1033 2780 1097 2838 sine

97 2865 189 2926 eorde
202 2874 270 2927 exta
281 2864 424 2945 quondm
437 2866 596 2942 nuntiante,
609 2862 721 2943 futuro
733 2864 845 2925 diceret
859 2862 1009 2939 uetera,
1029 2880 1097 2924 mm

95 2950 209 3021 callen
220 2968 278 3010 neo
288 2967 350 3029 pro
365 2956 482 3011 ostento
496 2948 684 3024 ducendum,
697 2949 728 3009 si
738 2947 853 3028 pecudi
864 2965 921 3010 cos·
937 2945 1095 3025 defuisset.

160 3035 270 3096 Verum
291 3035 477 3115 praecipuam
495 3042 525 3095 et
540 3032 716 3095 exitiabilem
735 3031 791 3094 sibi
805 3032 940 3093 invidiam
958 3031 1024 3094 binc
1038 3041 1139 3098 na-ts

95 3120 174 3181 xime
187 3119 288 3179 mevit.
317 3118 458 3181 Adeuntis
472 3136 507 3179 se
523 3135 586 3179 oum
598 3117 728 3198 plurimis
737 3116 1096 3194 benedicentissimisque

62 3202 226 3265 asdccretis
246 3203 401 3266 universas
420 3210 518 3283 patres
539 3202 726 3281 conscriptos
744 3201 851 3263 sedens
871 3218 926 3282 pro
948 3200 1022 3263 aede
1036 3201 1095 3261 Ve-

95 3289 175 3349 neris
192 3287 355 3349 Genetricis
377 3288 504 3367 excepit.
549 3286 669 3362 Quidam
682 3295 786 3365 ⁴patant
798 3294 940 3347 retentum
954 3302 972 3345 a
986 3282 1095 3344 Gorne-

94 3372 135 3433 lio
150 3371 262 3449 Balbe,
278 3388 342 3433 curu
354 3379 508 3433 conaretur
521 3388 693 3448 assurgere:
709 3370 773 3447 alii,
786 3388 823 3431 ne
833 3377 971 3430 ,cenatum
981 3365 1096 3444 quidem

95 3458 231 3535 omnino,
252 3454 307 3517 sed
325 3457 413 3517 etiam
430 3454 632 3519 admonentem
652 3454 752 3518 Gaium
769 3452 934 3520 Trebatium
955 3458 987 3510 ut
1000 3464 1095 3507 assur-
