2475 3775
368 197 370 202 .
469 151 575 201 arvus
596 153 723 202 sonmo.
974 132 981 140 '
1042 112 1093 204 ss‘2'3
1234 166 1235 169 ¹

98 325 232 390 quosque
262 305 397 368 Gaena'ris
425 297 550 376 amieos;
588 323 709 385 quorun
739 305 826 368 Gaius
858 306 985 387 Oppius,
1011 311 1095 387 quasi

98 395 185 474 plane
217 391 389 452 defensione
412 409 447 452 ac
470 392 633 470 patrocinia
654 409 704 450 res
728 395 848 468 egeret,
870 390 973 453 libmm
995 393 1094 469 edidit,

97 494 156 538 non
178 493 245 536 esse
274 473 523 551 Caesarislrlium,
554 492 638 552 quem
664 474 828 554 Cleopatra
853 472 939 534 dicat.
974 475 1095 537 llelvins

98 560 190 622 cinna
206 559 265 620 Ta.
281 559 336 620 PL.
352 559 500 638 plerisque
528 559 682 622 confessus
697 569 744 618 est
759 558 896 619 babuisse
910 577 944 618 se
958 563 1096 640 scriptam

74 653 284 727 speratamque
309 645 421 721 legem,
449 657 533 722 quam
550 641 660 704 Caesar
679 643 759 705 ferre
778 645 913 704 iussisset
941 661 1005 704 onm
1031 645 1096 724 lpse

98 729 236 811 abesset,¹
262 729 302 788 uti
325 745 433 788 uxores
454 727 611 787 liberorum
626 727 856 806 quaerepdomm
879 743 965 789 cansa
980 747 1050 807 quas
1068 737 1099 790 et

99 821 170 893 quot
184 811 276 872 vellet
290 809 398 872 ducere
416 811 529 871 liceret
552 810 598 870 Ao
615 829 653 870 ne
667 813 713 871 oui
735 810 851 872 dubium
868 813 984 872 omnino
998 813 1046 889 sit,
1068 821 1098 872 et

99 897 294 976 impudicitiae
313 904 344 955 et
366 895 571 956 adulteriorum
593 894 735 972 flagrasse
756 896 887 974 infamia,
908 894 996 956 (lunio
1014 905 1097 976 pater

99 980 220 1060 quadam
241 997 305 1040 eum
329 981 458 1040 oratione
482 981 606 1039 omnium
628 978 779 1041 mulierum
804 981 896 1041 virum
923 990 952 1040 et
973 980 1097 1040 omnium

60 1085 89 1126 ro
100 1067 229 1125 virorum
243 1062 391 1124 mulierem
405 1063 544 1144 appellat.
1071 1105 1073 1110 .

164 1149 230 1210 Vini
251 1149 449 1226 parcissimum
468 1165 505 1207 ne
528 1147 634 1206 inimici
647 1148 767 1226 *quidem
783 1157 972 1226 negaverunt.
1005 1147 1139 1214 llarci53

99 1231 220 1294 Catonis
244 1240 305 1308 est,
335 1251 428 1292 omum
441 1250 483 1292 em
496 1229 637 1292 omnibus
652 1230 821 1293 Caesarem
839 1233 884 1293 ud
902 1233 1098 1294 evertendam

98 1333 164 1377 rem
174 1315 332 1394 publicum
346 1315 486 1376 sobrium
502 1316 685 1379 accessisse.
705 1314 778 1377 Nam
794 1318 872 1378 circa
887 1318 994 1377 victum
1010 1315 1097 1378 Gaius

100 1400 211 1480 Oppius
234 1398 307 1460 adeo
330 1399 540 1477 indifferentem
563 1399 667 1477 docet,
694 1408 742 1460 ut-
758 1400 900 1480 quondam
923 1400 959 1460 ab
982 1400 1098 1480 bospite

61 1503 90 1544 as
101 1483 246 1562 conditum
261 1483 421 1563 oleum-pro
437 1482 519 1544 viridi
534 1483 711 1563 adpositum,
735 1482 956 1563 aspernantibus
979 1485 1095 1562 ceteris,

99 1562 193 1629 solum
208 1568 293 1628 etiam
307 1567 416 1645 largius
431 1567 580 1647 appetisse
594 1568 726 1646 ¹scribat,
756 1587 794 1627 ne
813 1567 959 1648 hospitem
979 1578 1027 1629 ant
1045 1586 1095 1628 ne
1182 1610 1184 1615 ·

98 1651 268 1730 gleqentiae
288 1660 336 1711 aut
346 1651 518 1712 rusticitatis
540 1651 686 1712 uideretur
710 1669 846 1730 arguere.
885 1651 1140 1724 Abstinentiamtl

98 1752 195 1813 neque
209 1736 237 1793 in
252 1731 381 1815 ilnperiis
395 1753 490 1815 neque
505 1737 536 1794 in
551 1735 765 1814 magistratibus
781 1737 935 1817 praestitit.
968 1737 1007 1798 llt
1022 1737 1097 1796 enim

99 1817 214 1899 qnidam
237 1820 427 1880 monumentis
448 1821 508 1878 suis
529 1821 626 1880 testati
646 1828 728 1897 sunt,
756 1821 786 1879 in
812 1819 949 1901 Hispania
970 1836 1095 1901 procon·
1162 1866 1167 1872 ,

60 1922 89 1963 ao
102 1902 167 1963 sule
187 1911 246 1963 eta
266 1904 355 2000 sepiis
376 1905 514 1982 pecunias
538 1906 654 1983 accepit
679 1903 874 1965 emendicatas
903 1904 933 1963 in
962 1904 1096 1964 auxilinm

99 1989 176 2049 aeris
204 1987 290 2045 alieni
317 1996 348 2047 et
372 1988 570 2048 Lusitanorum
598 1987 737 2067 quaedam
767 1987 892 2068 oppida,
929 2000 1097 2067 quamquam

99 2087 156 2130 nec
171 2070 310 2149 imperata
325 2070 521 2131 detrectarent
534 2080 565 2131 et
581 2070 746 2132 advenienti
765 2081 866 2153 portas
886 2072 1096 2152 patefacerent,

99 2152 217 2232 diripuit
231 2153 398 2215 bostiliter:
419 2154 452 2215 ln
469 2153 562 2217 Gallia
581 2155 648 2217 lana
665 2156 830 2236 templaque
848 2156 932 2216 deum
947 2156 1030 2216 donis
1050 2172 1096 2214 re·

98 2237 175 2297 term
203 2238 356 2321 expilavit,
379 2238 467 2299 urbes
493 2238 576 2299 diruit
599 2240 716 2319 saepius
736 2239 774 2301 ob
794 2240 930 2322 praedam
954 2257 1038 2319 qnam
1058 2237 1097 2298 ob

61 2320 251 2388 redeliotum3
271 2322 346 2381 unde
360 2323 484 2400 factum,
509 2332 540 2382 ut
552 2340 623 2383 auro
642 2324 800 2386 abundaret
814 2326 963 2403 ternisque
983 2322 1097 2383 milibus

98 2422 240 2463 nummum
255 2406 283 2463 in
298 2405 387 2466 libras
403 2406 585 2485 promercale
604 2426 659 2487 per
676 2407 786 2469 ltaliam
808 2410 1031 2489 provinciasque
1055 2405 1096 2465 di·

98 2486 250 2547 venderet.
272 2487 304 2548 ln
319 2491 410 2567 primo
427 2490 576 2551 consulatu
592 2492 646 2551 tria
665 2492 741 2553 milia
760 2492 857 2571 pondo
878 2494 939 2551 auri
955 2492 1097 2551 iuratnsc

99 2569 262 2649 capitolio,
289 2572 452 2633 tantundem
473 2575 592 2633 inaurati
610 2576 688 2634 aeris
706 2578 848 2655 reposuit.
882 2575 1046 2634 societates
1062 2588 1098 2631 ac
1136 2612 1141 2619 =

97 2671 192 2731 regna
214 2658 309 2733 pretio
331 2656 426 2733 dedit,
449 2664 479 2715 ut
498 2657 546 2734 qni
569 2657 616 2715 ani
635 2657 803 2718 Ptolemaeo
824 2674 920 2737 prope
945 2674 1000 2715 sen
1020 2654 1097 2715 milia
1139 2673 1142 2678 ·

60 2736 273 2799 sotalentorum
293 2756 345 2799 suo
367 2740 544 2818 Pompeique
564 2743 680 2799 nornine
701 2740 865 2801 abstulerit.
903 2740 1009 2800 Postea
1023 2756 1095 2799 vero

98 2820 322 2881 evidentissimis
346 2824 456 2902 rapinis
478 2840 514 2884 ao
534 2822 688 2900 sacrilegis
704 2832 735 2883 et
752 2841 843 2885 onera
868 2824 1011 2884 bellorum
1028 2824 1095 2885 civi·

97 2904 167 2965 lium
186 2914 215 2965 et
230 2902 437 2985 triumphorum
460 2923 663 2967 aomanorum
682 2908 816 2967 sustinuit
837 2907 989 2988 impendia.

157 2985 333 3067 Eloquentia
353 2991 525 3069 militarique
547 3007 593 3049 re·
606 2998 664 3049 aut
681 2992 815 3070 aequarit
836 2994 1137 3072 praestantissimo-55

97 3088 161 3133 rum
190 3072 312 3148 gloriam
330 3083 377 3134 aut
406 3075 544 3133 excessit.
586 3069 668 3136 Post¹
684 3077 898 3136 accusationem
923 3074 1096 3136 Dolabellae

61 3170 88 3217 ts
99 3153 175 3217 baud
192 3155 278 3216 dubia
291 3152 471 3237 principibus
485 3157 615 3236 patronis
635 3157 834 3220 adnumeratus
851 3168 905 3220 est.
945 3157 1033 3219 (terte
1049 3157 1094 3218 Gi·

98 3256 169 3299 cero
185 3238 222 3299 ad
235 3239 368 3319 Brutum,
391 3249 523 3301 oratores
544 3259 730 3319 enumerans,
751 3252 839 3321 negat
859 3241 1028 3319 cecidere,
1049 3243 1095 3300 cui
1167 3279 1172 3285 ‚

97 3320 205 3383 debeat
228 3321 337 3385 Gaesar
357 3324 480 3402 cedere,
502 3326 598 3403 aitque
623 3342 687 3384 enm
708 3327 885 3404 elegantem,
916 3324 1094 3404 splendidam

97 3422 216 3485 quoqne
239 3415 325 3487 atque
340 3411 425 3470 etiam
438 3410 618 3487 magnificam
634 3417 664 3468 et
682 3426 856 3493 generosam
872 3408 994 3490 quodam
1007 3406 1093 3469 modo
