2475 3775
121 248 124 253 ¹
156 170 217 281 lto
244 135 275 232 c.
289 136 438 232 suenoni
449 178 581 240 ⁴caussato.
594 179 644 228 nu
658 176 739 230 mus
754 177 936 228 consanum
949 178 1017 228 um.
1031 179 1096 230 nn.

99 334 141 408 μ’
154 342 193 403 llt
212 336 307 400 levior
325 335 408 396 labor
423 332 613 394 iudicantibus
627 333 717 410 toret,
737 329 773 394 ad
791 325 1045 413 quattuor-prioris
1061 335 1137 414 quin·

94 408 105 431 '
154 435 211 485 tam
226 421 368 482 decuriam
384 417 498 480 addidit.
533 417 695 496 Temptavit
715 424 745 477 et
761 419 940 478 comitiorum
959 435 1041 478 moue
1054 435 1138 479 revo-

75 562 77 566 ,
154 517 221 568 cato
233 505 368 580 suffragia
383 501 494 583 populo
510 501 646 561 reddere.
673 499 780 578 be'gata
798 519 835 561 ex
854 509 1025 563 testamento
1042 500 1139 562 Tiberi

119 623 122 626 ·
154 603 320 671 quamquam
340 587 466 664 abolito,
490 584 543 645 sed
561 594 592 645 et
608 584 698 645 lullae
715 583 895 663 Augustae,
909 585 988 664 quod
1008 585 1139 647 Tiberias

95 725 103 739 ’
153 667 1160 820 :tot‘titutttollttttlultllt:ttlftllttdlt

154 841 319 905 cendictum
346 839 447 899 damna
475 836 635 916 suppleait;
656 854 693 897 ac
718 837 743 896 sl
768 831 870 916 quibus
894 801 985 914 regba
1007 837 1140 914 restituit,

154 926 259 995 adiecit
280 931 311 983 et
335 922 462 983 tructam·
480 938 593 981 omnem
618 919 843 998 uectigaliorum·
858 928 889 980 et
916 921 1037 982 reditum
1056 920 1140 982 medii
1158 923 1163 936 ³
1185 975 1188 982 .

152 1008 315 1088 temporis,
331 1014 363 1065 ut
382 1004 527 1070 Andosbo
549 1002 743 1083 Commageno
771 1006 934 1065 sestertium
959 1005 1052 1066 milies
1071 1021 1139 1065 cuu-

154 1095 293 1159 dscatum.
314 1090 451 1168 >Quoque
464 1089 557 1165 magis
570 1089 675 1148 nullius
689 1105 747 1148 non
766 1087 836 1148 boui
853 1088 979 1169 exempli
994 1089 1087 1150 fautor
1099 1089 1139 1148 vi·
1150 1103 1175 1145 no

153 1177 286 1252 deretur,
308 1167 420 1234 mulieri
442 1172 594 1233 libertinae
613 1173 762 1250 octogiuta
783 1171 915 1250 maurit,
941 1171 1018 1252 quod
1039 1180 1139 1234 excru⁴

154 1263 228 1320 ciata
255 1259 433 1336 gravissimis
460 1258 609 1317 tormentis
628 1256 665 1316 de
693 1255 808 1317 scelere
832 1258 946 1336 patroni
965 1256 1140 1318 reticuisset.

154 1345 233 1420 Quas
256 1340 294 1402 ob
309 1359 360 1401 res
377 1332 452 1401 inter
471 1340 606 1420 reliquos
618 1339 744 1401 honores
761 1339 895 1401 decretus
916 1347 962 1400 est
981 1342 1009 1400 ei
1029 1340 1142 1418 clipeus

153 1444 270 1503 aureus,
293 1443 376 1504 quem
394 1432 464 1505 quot
485 1426 566 1486 annis
595 1432 676 1484 certo
702 1423 748 1484 die
767 1409 894 1506 collegia
915 1423 1098 1486 sacerdotum
1111 1422 1142 1482 in

154 1510 327 1589 Capitolium
343 1511 467 1585 ferrent,
492 1517 592 1568 senatu
611 1516 823 1588 prosequente,
843 1507 1053 1592 nobilibusque
1071 1523 1140 1586 pne·
1151 1525 1175 1568 uu

153 1597 194 1654 ris
209 1611 244 1655 ac
259 1588 363 1673 puellis
378 1593 503 1652 carmine
520 1591 664 1652 modulato
686 1589 786 1652 laudes
801 1591 935 1652 uirtutum
955 1592 1016 1652 eius
1037 1608 1141 1651 caneu-

152 1677 238 1738 tibus.
258 1676 413 1737 Decretum
433 1686 526 1737 autem
541 1684 572 1736 ut
585 1675 663 1757 dies,
682 1693 739 1755 quo
753 1677 882 1756 cepisset
901 1676 1065 1756 imperium,
1089 1673 1141 1734 l‘a·

153 1762 409 1838 riba-vocaretur,
442 1760 521 1821 velut
549 1769 742 1836 argumentum
766 1778 863 1821 rursus
892 1760 1025 1821 conditae
1052 1757 1141 1819 urbis.

112 1851 145 1908 17
216 1842 388 1913 Consulatus
403 1852 535 1925 quattuor
548 1845 655 1923 gessit,
675 1845 794 1925 primum
807 1863 845 1905 ex
858 1841 905 1905 lll.
926 1841 979 1905 lul.
1001 1837 1142 1923 parduna
1231 1884 1232 1927 ,

152 1948 283 2007 menses,
305 1929 520 1990 secuudum‘ex
539 1928 660 2014 lllllan.
684 1948 738 2009 per
761 1948 829 1991 xxx.
849 1928 927 2007 dies,
956 1928 1070 1989 tertium
1094 1944 1178 1987 uene
1231 1952 1232 2001 i

153 2016 253 2093 quein
270 2013 338 2074 ldus
351 2013 421 2092 lan,
438 2022 566 2091 quartum
579 2031 670 2092 usque
688 2015 839 2093 septimum
855 2012 922 2073 ldus
936 2011 1062 2073 easdem.
1090 2010 1144 2071 dlx

154 2096 284 2156 omuibus
308 2095 381 2157 duos
405 2098 580 2157 novissimus
597 2098 751 2156 coniunxit.
783 2096 909 2158 Tertium
928 2104 1022 2157 autem
1045 2094 1142 2172 lugu·

152 2179 219 2238 duni
239 2180 415 2257 latitamus,
435 2197 494 2241 non
514 2187 546 2239 ut
561 2180 674 2260 quidam
698 2180 851 2260 opinantur
879 2179 1013 2261 superbia
1040 2178 1144 2256 negle

152 2263 303 2339 gentiam,
325 2262 378 2323 sed
399 2262 476 2341 qnod
493 2262 656 2323 defunctum
676 2263 728 2324 suh
743 2263 933 2325 Kalendarum
954 2263 1029 2324 diem
1050 2260 1144 2321 eolle-

153 2363 219 2422 gam
238 2346 365 2406 rescisse
385 2344 490 2406 absens
509 2364 569 2408 uon
588 2355 729 2427 potuerat.
765 2346 949 2426 Congiarium
970 2345 1080 2427 pupulo
1096 2344 1180 2404 bisen

153 2429 231 2490 dedit
246 2439 382 2489 trecenos
412 2433 579 2510 sestertios,
610 2431 715 2491 totiens
735 2432 1001 2493 abundantissimum
1019 2427 1145 2508 ‘epulum

152 2516 263 2574 senatui
282 2514 467 2594 equestrique
488 2513 591 2592 ordini,
606 2516 691 2575 etiam
712 2516 881 2593 coniugibus
896 2534 931 2576 ac
948 2514 1047 2575 liberis
1063 2520 1144 2572 utru-

151 2613 295 2677 rumquer
306 2595 471 2677 posteriore
485 2598 574 2678 epulo
593 2598 721 2660 forensia
738 2601 856 2679 iusuper
872 2600 958 2679 viris,
979 2597 1093 2658 lerninis
1108 2612 1146 2655 ac

152 2684 250 2758 pueris
267 2682 374 2742 fascias
395 2700 540 2763 purpurae
560 2700 596 2744 ac
617 2682 760 2758 conchylii
774 2683 923 2760 distribqit.
954 2680 992 2743 m
1015 2688 1046 2740 nt
1061 2679 1145 2740 laeti-

151 2765 220 2823 tiam
237 2764 381 2844 publicam
400 2768 430 2826 iu
450 2776 619 2847 perpetuum
639 2785 754 2847 quoque
775 2784 832 2844 aug
866 2764 910 2847 et,
939 2765 1044 2828 adiecit
1068 2762 1181 2824 diemto

153 2845 349 2908 Saturnalibus
368 2850 583 2930 appellantque
603 2850 776 2913 luvenalem.
965 2907 967 2911 .

111 2936 145 2991 18
210 2925 329 2990 blnnera
346 2932 528 3011 gladiatoria,
542 2936 645 3015 partim
660 2936 688 2995 ln
708 2952 724 2994 a
794 2931 1021 2996 'theatru'Tanri
1041 2930 1148 3011 partim

151 3012 180 3070 iu
197 3012 312 3091 septis,
342 3012 450 3093 aliquot
474 3016 577 3095 edidit,
598 3018 699 3097 quibus
714 3018 832 3079 inseruit
853 3014 986 3079 cateruas
1005 3014 1147 3076 Aboram

152 3094 417 3176 Campanorumque
441 3101 568 3179 pugilum
593 3120 632 3161 ex
657 3110 777 3179 unaque
803 3104 925 3179 regione
951 3100 1146 3163 electissimo-

150 3196 222 3237 rum.
257 3178 359 3259 Neque
378 3185 553 3259 spectaculis
572 3201 688 3264 semper
707 3186 771 3264 ipse
794 3186 955 3264 praesedit,
983 3179 1036 3245 sed
1055 3182 1186 3240 inter-³⁸

152 3261 216 3322 dum
233 3271 279 3349 aut
296 3263 507 3339 magistratibus
522 3276 571 3327 aut
585 3269 683 3329 amicis
702 3269 884 3346 praesidendi
898 3283 997 3326 munus
1012 3263 1147 3324 iniunxit

152 3346 310 3407 Scaeuinus
326 3345 412 3405 ludos
435 3356 465 3407 et
485 3348 598 3409 assidue
626 3356 655 3409 et
677 3350 747 3408 varii
767 3352 885 3427 generis
905 3368 940 3410 ac
961 3346 1149 3409 multifariam

151 3428 398 3511 iecit,quoudam
420 3439 449 3491 et
468 3440 640 3513 nectamus,
660 3434 792 3494 aecemis
809 3440 869 3511 tota
887 3432 959 3494 mbe
978 3430 1147 3493 luminibus
