2475 3775
546 183 652 231 numo.
894 243 898 250 .
1044 174 1103 236 189

108 336 282 415 quandoque
297 355 315 396 e
330 356 365 398 re
379 356 408 417 p.
423 356 460 398 ac
474 340 640 416 provincius
655 347 685 399 et
706 341 851 402 exercitus
866 343 1004 419 equitill.
1019 360 1054 403 ac
1068 341 1102 404 li·

107 421 200 480 bertis
217 422 433 500 permissurum.
466 420 554 482 Certe
574 439 671 500 neque
694 421 851 484 adveniens
871 443 966 504 neque
986 428 1101 504 prolici-

107 522 195 565 scens
209 523 381 584 quemquam
403 505 506 566 osculo
526 507 680 585 impertiit,
701 525 737 567 ac
757 525 795 567 ne
814 508 1019 569 resalutatione
1040 512 1101 588 qui·
1216 563 1218 580 ‚

108 589 186 658 dem;
211 598 241 648 et
261 591 289 649 in
305 589 482 668 auspicando
499 607 591 669 opere
607 588 705 650 lstbmi
724 607 828 668 magna
845 593 1008 671 frequentia
1024 592 1121 654 clare'

84 671 211 745 ,uiridi
222 689 262 734 uc
271 673 388 752 populo
397 670 435 735 R.
448 672 586 735 demeres
595 681 729 736 uerteret
738 678 857 756 optavit,
869 675 1043 737 dissimulata
1057 696 1101 738 se·

107 765 198 816 natus
209 757 364 818 mentione.
521 767 525 776 '
653 759 658 770 ‘
688 805 691 812 ⁴
869 819 877 838 ,

171 840 231 900 Sed
253 859 310 900 nec
324 841 435 921 populo
454 849 502 901 aut
516 840 668 902 moenibus
683 844 794 922 patriae
808 845 951 925 pepercit.
979 842 1144 908 Dicente38

108 924 232 1003 quodam
247 925 277 985 iu
291 941 426 986 sermone
441 923 596 986 communi:
954 987 957 993 ,

254 1001 347 1087 Ἐμοῦ
364 1002 513 1082 θανόντος
525 1014 597 1089 γαῖα
608 1005 745 1088 μιχθήτοο
759 1011 849 1090 rrvpl!
1136 1065 1139 1068 .

72 1113 98 1158 10
108 1090 220 1169 Immo,
236 1093 348 1171 inquit,
356 1088 439 1173 ἐμοῦ
452 1089 589 1168 {dorcet
611 1095 757 1174 planeque
771 1096 809 1154 lta
824 1094 904 1156 lecit.
932 1093 1005 1156 Nam
1022 1097 1103 1174 quasi
1121 1108 1124 1118 ·

108 1177 237 1238 oliensns
252 1177 434 1240 deformitate
447 1186 578 1237 veterum
593 1179 789 1239 aedificiorum
810 1187 839 1238 ct
858 1181 999 1257 angustiis
1013 1179 1102 1239 flexu·

45 1309 53 1316 .
104 1261 207 1342 risque
221 1261 363 1341 uicorum,
379 1263 507 1324 incendit
521 1261 623 1325 urbem
640 1271 697 1326 tun
714 1263 823 1344 palam,
840 1272 869 1322 ut
884 1262 1016 1342 plerique
1034 1281 1102 1323 con·
1217 1321 1223 1342 ,

108 1346 221 1407 sulares
240 1346 435 1408 cubicularios
458 1349 537 1426 eius,
560 1367 625 1408 curu
644 1359 749 1428 stuppa
768 1345 913 1427 taedaque
930 1348 961 1408 in
976 1346 1102 1427 praediis

109 1432 168 1490 suis
183 1429 401 1510 deprehensos,
424 1449 483 1492 uon
505 1434 656 1511 attigerint
662 1457 669 1504 ;
692 1442 721 1492 et
744 1431 884 1513 quaedam
904 1431 1010 1492 horrea
1025 1433 1102 1492 circa

72 1513 223 1576 redomum
242 1514 386 1594 Auream,
418 1533 538 1594 quorum
561 1519 684 1597 spatium
708 1517 831 1577 maxime
853 1514 1051 1593 desiderabat,
1073 1523 1104 1574 ut

106 1597 222 1658 bellicis
236 1598 375 1660 machinis
388 1598 532 1662 labefacta
547 1610 635 1681 atque
649 1601 820 1662 inflammata
834 1601 900 1678 siut,
918 1599 995 1678 quod
1011 1616 1102 1659 saxeo

105 1699 188 1742 muro
211 1693 375 1745 constructa
394 1693 485 1744 erant.
515 1685 646 1746 Persen
667 1686 729 1746 dies
748 1694 922 1764 septemque
943 1693 1056 1744 noctes·
1068 1701 1102 1742 ea

106 1765 191 1827 clade
207 1765 347 1826 saevitum
363 1776 422 1844 est,
438 1766 474 1828 ad
490 1777 736 1830 monumentorum
749 1767 956 1846 bustorumque
972 1767 1102 1827 diverso·
1134 1780 1141 1801 ³
1197 1799 1201 1810 ·

104 1851 148 1912 ria
162 1847 252 1931 plebe
265 1851 424 1931 compulsa.
455 1850 536 1913 'lunc
550 1861 668 1931 praeter
681 1854 848 1913 immensum
863 1869 1011 1912 numerum
1027 1851 1108 1909 iusu-¹
1207 1874 1210 1883 ι

69 1936 196 2000 aularum
211 1933 311 1995 domus
324 1936 485 2015 priscorum
501 1936 603 1997 ducum
621 1946 755 1998 arserunt
764 1936 918 1996 hostilibus
930 1934 1023 1996 adhuc
1034 1951 1102 2013 spo·

104 2020 151 2080 liis
165 2018 336 2096 adornatae,
359 2019 534 2100 deorumque
556 2021 646 2081 aedes
666 2021 702 2081 ab
717 2020 838 2097 regibus
853 2038 888 2081 ac
901 2018 1005 2086 deiude
1019 2019 1103 2079 Puni·

105 2105 149 2165 cis
165 2112 194 2163 et
211 2101 330 2164 Gallicis
350 2102 436 2163 bellis
456 2114 542 2165 votae
563 2103 788 2183 dedicataeque,
811 2112 840 2165 et
855 2103 990 2183 quidquid
1008 2105 1102 2162 viseru-

104 2186 171 2247 dnm
185 2194 270 2265 atque
285 2187 474 2250 memorabile
488 2207 526 2249 ex
541 2190 708 2269 antiquitate
731 2188 892 2251 duraverat.
920 2189 985 2248 Hoc
1005 2189 1102 2247 incen-

104 2270 214 2331 diume
234 2278 313 2331 turre
328 2272 544 2333 Maecenatiana
562 2282 755 2353 prospectans
778 2274 928 2353 laetusque
947 2260 1102 2350 flammae,
1137 2253 1178 2359 qli]

68 2374 95 2415 re
104 2352 263 2432 utaiebat,
280 2356 511 2434 pulchritudine
523 2356 643 2418 Halosin
657 2357 749 2419 ilitio
763 2356 814 2417 illo
832 2374 884 2417 suo
899 2358 1036 2417 scaenico
1052 2354 1101 2415 ba-

102 2440 165 2501 bitu
187 2438 360 2500 decantarit.
405 2439 451 2500 Ac
473 2459 510 2501 ne
530 2460 588 2502 non
612 2442 679 2501 binc
705 2459 821 2522 quoque
842 2450 977 2520 quantum
999 2447 1104 2519 posset

103 2522 232 2603 praedae
252 2531 282 2582 et
300 2523 494 2585 manubiarum
514 2525 678 2602 invaderet,
706 2525 854 2605 pollicitus
880 2523 1052 2584 cadaverum
1075 2530 1103 2579 et

102 2607 239 2667 ruderum
260 2608 412 2683 gratuitam
435 2609 634 2684 egestionem,
660 2610 764 2668 nemini
788 2607 825 2668 ad
846 2606 986 2685 reliquias
1005 2622 1102 2665 rerum

105 2707 220 2751 suarum
237 2689 317 2749 adire
333 2691 477 2768 permisit;
499 2689 767 2771 conlationibusque
788 2708 847 2750 non
866 2688 996 2769 receptis
1015 2688 1101 2749 modo

68 2792 205 2836 rovernm
220 2782 250 2832 et
263 2772 430 2850 efflagitatis
451 2773 616 2851 provincias
633 2774 867 2853 privatorumque
886 2790 990 2835 cousus
1007 2791 1099 2855 prope

103 2857 248 2920 exhausit.
281 2855 481 2916 decesserunt
500 2857 585 2916 tantis
606 2876 646 2919 ex
667 2858 799 2938 principe
820 2859 903 2919 malis
925 2857 1099 2938 probrisque
1109 2868 1142 2922 39

144 2938 245 3005 aedam
260 2949 290 3000 et
304 2939 436 3001 fortuita:
456 2940 622 3020 pestilentia
642 2942 723 3002 unius
745 2944 886 3022 autumni,
908 2962 964 3024 quo
985 2945 1101 3022 triginta

135 3043 236 3086 nerum
250 3023 329 3085 milia
342 3026 371 3084 lu
385 3025 525 3085 rationem
537 3024 678 3087 Libitinae
700 3036 855 3098 reueruut;
878 3028 976 3090 clades
991 3028 1099 3089 Britan-

103 3113 186 3184 nica,
209 3127 266 3189 qua
286 3108 343 3170 duo
365 3110 523 3189 praecipua
537 3110 646 3189 oppida
661 3128 765 3188 magna
780 3112 884 3172 civium
898 3114 1099 3191 sociorumque
1201 3178 1207 3190 ¹

66 3193 198 3273 ascacde
223 3193 336 3273 direpta
358 3202 435 3263 sunt:
463 3194 674 3271 ignominia-ad
694 3192 855 3274 Orientem,
881 3196 1046 3275 legionibus
1072 3196 1100 3254 in

102 3278 244 3339 Armenia
265 3276 319 3337 sub
340 3280 437 3355 iugum
457 3280 552 3338 missis
572 3297 722 3358 aegreque
742 3280 825 3357 Syria
845 3290 967 3341 retenta.
998 3280 1099 3341 Mirum

103 3370 135 3423 et
151 3361 199 3423 vel
214 3364 372 3441 praecipue
387 3361 515 3424 notabile
530 3364 605 3422 inter
617 3363 691 3425 baec
705 3363 809 3442 luerit,
825 3365 895 3424 nibil
911 3382 974 3424 enm
989 3364 1098 3442 patien-

101 3447 163 3508 tius
178 3462 261 3524 quam
276 3445 428 3509 maledicta
450 3453 479 3509 et
501 3446 627 3520 convitia
649 3446 793 3512 bominum
815 3449 931 3524 tulisse,
952 3463 1048 3525 neque
1069 3446 1107 3511 in,
