2475 3775
152 168 189 228 12
234 180 264 228 c.
281 179 427 228 sueretu
442 177 568 240 anano.
582 177 634 227 os
646 179 730 228 vrrs
745 179 929 228 causam
943 179 1049 234 mear.

148 353 221 395 marn
241 334 368 411 redegit,
390 335 475 412 eique
491 333 557 372 *Ν
577 335 606 394 in
620 334 752 412 singulos
766 352 859 396 annos
879 332 1015 412 emendi
1028 333 1143 394 nomine

148 419 289 497 inposuit;
308 415 483 495 Germanos,
499 417 547 496 qui
561 426 642 478 trans
656 418 792 478 Rhenum
802 417 945 494 incolunt,
963 419 1070 494 primus
1084 416 1142 476 llo·

147 519 292 563 manorum
314 510 402 581 ponte
426 501 567 562 fabricato
589 500 762 579 adgressus,
782 503 912 562 maximis
928 499 1036 562 adiecit
1056 499 1144 562 cladi·

147 587 215 655 bus:
238 585 395 662 adgressus
412 594 458 646 est
473 593 502 645 et
517 583 668 646 Britannos
684 587 804 663 ignotos
820 594 918 662 antea,
939 584 1145 664 superatisque

147 671 284 751 pecunias
306 677 336 728 et
357 668 474 729 obsides
494 669 659 747 imperarit:
686 687 740 748 per
760 678 804 729 tot
824 687 979 729 successus
999 678 1062 744 ter,
1075 685 1164 735 nece

148 755 283 834 amplius,
306 753 457 813 aduersum
479 769 576 812 casnm
602 762 757 832 expertus:
783 753 813 811 in
833 752 978 813 Britannia
999 751 1095 813 classe
1115 752 1145 810 ri

147 837 326 918 tempestatis
347 855 440 916 prope
460 834 628 914 absumpta,
649 845 680 896 et
701 838 729 896 in
744 836 837 897 Gallia
855 836 892 911 ad
907 836 1083 913 Gergoviam
1103 835 1144 896 le·

146 925 235 1002 ¹gione
250 921 330 996 iuss,
346 921 418 980 etin
434 919 640 982 Germanomm
655 921 759 980 linibus
776 920 885 981 Titurio
902 930 932 981 et
948 919 1145 980 Aurunculeio

106 1006 251 1084 ablegatis
269 1021 321 1083 per
337 1003 454 1064 insidias
472 1004 575 1064 caesis.
619 1003 732 1064 Eodem
750 1007 893 1083 temporis
915 1005 1009 1084 spatio
1024 1012 1145 1065 matrem

148 1091 255 1170 primo,
279 1086 382 1148 deinde
397 1088 496 1164 liliam,
514 1105 570 1148 nec
585 1087 673 1148 multo
692 1097 760 1168 post
772 1097 909 1167 nepotem
925 1088 1026 1168 amisit.
1065 1087 1178 1150 luteam

148 1191 239 1254 quae,
255 1179 438 1240 consternata
450 1171 532 1232 Publi
546 1169 632 1234 Clodi
647 1172 737 1233 caede
753 1173 934 1251 republica,
949 1191 1014 1234 cunr
1028 1179 1146 1232 mustus

147 1275 232 1318 unum
253 1254 401 1317 consulem
420 1256 643 1334 nominatimque
664 1256 792 1318 Gnaeum
811 1255 979 1336 Pompeium
993 1257 1056 1316 lieri
1077 1273 1145 1315 ceu·

148 1342 269 1417 suisset,
286 1340 346 1417 egit
361 1358 424 1402 curn
438 1339 559 1402 tribunis
577 1339 673 1420 piebis
687 1341 834 1417 collegam
854 1359 888 1401 se
903 1340 1043 1418 Pompeio
1057 1338 1145 1399 desti·

148 1423 296 1500 nantibus,-
315 1423 344 1484 id
364 1425 460 1504 potius
475 1424 511 1486 ad
525 1425 664 1504 populum
679 1425 792 1505 iement
803 1432 835 1484 ut
848 1425 965 1486 absenti
975 1423 1040 1500 sibi,
1056 1438 1145 1501 quan·

148 1510 244 1588 doque
260 1509 371 1587 imperii
386 1518 500 1588 tempus
517 1508 631 1588 expleri
645 1509 807 1587 coepisset,
822 1510 924 1587 petitio
939 1506 1060 1568 secundi
1076 1524 1145 1566 con·
1155 1529 1178 1567 ra

149 1594 257 1653 sulatus
279 1592 409 1669 daretur,
430 1611 467 1653 ue
490 1610 525 1653 ea
549 1610 636 1653 cansa
655 1592 794 1674 maturius
816 1602 845 1652 et
863 1592 1027 1672 inperfecto
1052 1590 1147 1650 adbuc

148 1677 227 1737 bello
244 1675 409 1758 decederet.
452 1676 536 1754 Quod
552 1685 581 1735 ut
596 1671 718 1755 adepbrs
732 1683 794 1752 est,
816 1676 918 1736 altiora
934 1677 989 1736 iam
1003 1674 1147 1736 meditans

148 1769 178 1820 et
202 1760 267 1838 spei
291 1761 395 1838 plenus
415 1761 522 1823 nullum
542 1759 705 1838 largitionis
732 1768 779 1820 aut
801 1759 963 1820 ciliciorum
992 1760 1147 1837 inqnem·

149 1839 232 1925 quain
254 1861 346 1921 genus
364 1844 480 1925 publice
503 1845 694 1925 privatimque
718 1844 823 1905 omisit.
866 1843 972 1905 Forum
994 1842 1031 1903 de
1048 1859 1146 1903 mauu·
1225 1891 1226 1932 ,

148 1930 203 1989 biis
219 1928 379 2007 inchoavit,
404 1930 484 1991 ouius
506 1946 574 1991 area
593 1947 683 2007 super
706 1928 868 1989 sestertium
888 1930 983 1989 milies
1005 1928 1143 1988 constitit.
1155 1945 1179 1985 ro

148 2013 249 2073 liunus
270 2014 380 2092 populo
404 2013 578 2093 epulumque
599 2013 793 2091 pronuntiarit
813 2013 842 2071 in
869 2013 946 2074 tiliae
967 2012 1147 2086 memoriam,

150 2094 227 2175 quod
247 2105 312 2156 ante
332 2116 397 2156 eum
412 2114 507 2157 nemo.
551 2098 678 2171 Quorum
694 2105 825 2175 utquam
838 2098 961 2157 maxima
977 2094 1147 2174 expectatio

150 2187 244 2254 esset,
266 2197 301 2239 ea
322 2197 396 2257 quae
417 2180 453 2241 ad
474 2178 590 2257 epulum
610 2181 805 2258 pertinerent,
831 2181 960 2259 quamuis
981 2178 1148 2239 macellaris

149 2262 298 2338 ablocata,
319 2264 403 2323 etiarn
419 2264 626 2323 domesticatim
641 2262 810 2343 apparabat.
847 2263 1032 2333 Gladiatores
1046 2261 1147 2336 notos,

130 2360 133 2365 ·
149 2345 240 2406 sicubi
262 2344 375 2407 inlestis
397 2346 610 2425 spectatoribus
625 2347 811 2423 dimicarent,
827 2349 856 2407 ri
877 2346 1034 2428 rapiendos
1048 2363 1181 2407 neser-ra

149 2429 317 2508 vandcsque
337 2430 498 2491 mandabat.
518 2452 521 2459 ¹
542 2430 665 2491 Tirones
684 2432 822 2509 nequeiu
841 2431 909 2491 ludo
923 2449 1022 2510 aeque
1035 2447 1091 2508 per
1104 2429 1147 2489 la·

150 2515 255 2590 nistas‚
274 2512 370 2574 sedin
385 2514 514 2575 domibus
529 2532 583 2594 per
600 2515 714 2593 equites
727 2516 875 2575 Romanos
889 2524 976 2593 atque
990 2516 1076 2575 etiam
1091 2530 1148 2591 per

150 2607 301 2659 senatores
315 2615 457 2659 armorum
469 2599 580 2677 peritos
596 2597 761 2675 erudiebat,
774 2598 911 2677 precibus
927 2600 1050 2674 enitens,
1067 2595 1149 2675 quod

111 2722 114 2731 .
151 2683 282 2761 epistulis
291 2684 353 2743 eius
362 2682 531 2759 ostenditur,
540 2682 757 2761 ntdisciplinnm
769 2682 949 2759 singulorum
962 2683 1150 2760 susciperent

150 2766 264 2843 ipsique
284 2765 388 2828 dictata
407 2766 610 2829 exercentibus
632 2767 742 2827 darent.
776 2765 952 2843 Legionibus
973 2762 1184 2844 stipendiumoo

24 2848 27 2853 ’
151 2850 180 2907 in
195 2858 370 2928 perpetuum.
380 2850 546 2930 duplicavit.
589 2851 788 2926 Frumentum,
803 2850 939 2927 quotiens
955 2849 1040 2928 copia
1052 2856 1150 2921 esset,

152 2933 238 2993 etiam
261 2933 322 2993 sine
341 2934 427 2994 modo
442 2952 633 3013 mensuraque
648 2932 794 3013 praebuit,
816 2950 852 2993 ae
872 2933 987 3010 singula
1003 2930 1151 2991 interdurn

107 3021 142 3099 27
150 3016 291 3093 mancipia
306 3033 323 3075 e
338 3017 445 3095 praeda
459 3020 564 3079 viritim
578 3018 666 3079 dedit.
695 3016 742 3076 Ad
760 3017 937 3077 retinendam
950 3025 1046 3077 autern
1062 3014 1150 3076 Pons·

153 3100 200 3178 pei
220 3098 461 3161 necessitudinem
478 3118 512 3162 ac
530 3102 708 3161 voluntatem
722 3098 869 3161 Octauiam
885 3101 995 3161 sororis
1009 3117 1081 3160 suae
1095 3116 1151 3159 ne·

153 3190 247 3262 ptem,
262 3200 336 3260 quae
350 3182 419 3243 Gaio
431 3183 570 3244 Marcello
582 3193 670 3263 nupta
686 3193 762 3261 erat,
780 3184 977 3245 condicionem
994 3184 1021 3243 ei
1035 3182 1151 3259 detulit,
1161 3204 1188 3245 aa

153 3266 265 3344 sibique
280 3266 366 3326 liliam
380 3267 444 3326 eius
458 3268 486 3326 in
500 3269 707 3327 matrimonium
720 3268 804 3347 petit,
819 3268 927 3328 Fausto
943 3266 1151 3327 Sullaedesti-

88 3380 104 3393 ··
153 3360 256 3411 natam.
300 3347 437 3409 Omnibus
455 3367 527 3409 vero
549 3353 710 3410 circaeam
730 3359 818 3428 atque
838 3350 923 3409 etiam
943 3359 1026 3429 parte
1040 3366 1153 3426 magna

155 3442 269 3495 senatus
283 3434 409 3512 gratuito
429 3441 485 3494 aut·
498 3433 558 3494 leri
570 3433 693 3493 foenore
707 3431 870 3511 obstrictis,
891 3451 930 3494 ex
943 3433 1059 3511 reliquo
1074 3450 1152 3512 quo-
