2475 3775
456 158 663 210 PRAEFATIO.
964 166 1010 213 LV

106 317 260 379 Senatorio
284 316 428 389 possidet,
458 316 530 371 unde
559 318 691 374 nonnulle
716 321 860 393 excerpsit
884 321 1006 393 Ernesti,

107 405 187 477 pluro
202 398 540 471 baumgartenllrusinsl
557 416 583 471 p.
596 399 750 458 invixit!
766 404 899 474 prodidit,
916 407 1006 461 omnia

107 485 292 541 amicissimus
314 482 529 539 Theodorus
550 482 710 541 bloebius
730 501 835 542 mecum
858 490 1007 544 communi·

109 570 193 625 cavit.

170 652 307 721 vulgatae
323 646 452 705 lectionis
466 648 632 721 principium
645 648 773 707 Aldina
788 659 832 708 est
846 652 950 723 editio,
971 655 1006 711 ab
1025 656 1105 717 nunna

107 735 182 791 Aldo
205 735 253 789 Pio
272 732 392 789 ldanutio
417 738 445 787 et
471 730 576 787 Ioanne
596 732 719 805 Baptista
741 734 860 805 lignatio
880 737 1007 793 venetiis
1030 707 1107 747 ‘⁶¹⁰⁰'

109 836 134 875 a.
152 824 222 877 1508
236 821 331 872 curata
344 820 372 870 et
385 814 466 870 Plinii
480 814 607 887 epistolis
621 815 758 874 adiuncta.
789 819 834 876 nt
852 836 912 876 earn
925 835 1005 892 prae-

108 900 259 974 parandam
284 898 407 955 editores
429 913 483 953 non
505 897 610 970 scripio
626 899 744 969 quodam
763 901 837 958 libro
861 918 927 959 usos
944 919 1030 960 essa·

109 983 257 1058 existimo,
278 996 373 1037 verum
389 980 478 1035 tribus
495 980 664 1038 editionibus
681 999 749 1053 quas
770 986 851 1041 modo
866 986 1008 1058 principes

110 1067 184 1135 dixi,
201 1063 400 1122 diuersissimis
414 1063 486 1119 inter
502 1080 550 1134 se,
565 1067 731 1136 comparatis
746 1074 775 1123 et
790 1070 868 1139 qnasi
884 1069 911 1124 in
927 1086 1008 1123 annm

109 1149 222 1207 collutis
237 1147 362 1204 libellum
378 1144 592 1203 emendatiorem
606 1147 802 1221 reddiderunt,
824 1169 903 1222 quam
920 1168 1010 1223 nsque

110 1250 145 1290 eo
162 1231 253 1288 editus
268 1232 367 1287 inerat.
397 1228 432 1283 Et
446 1229 650 1286 fundamendum
664 1230 858 1305 impressionis
872 1231 1010 1290 Venetam

109 1334 134 1372 a.
156 1320 225 1374 1474
241 1331 304 1371 asse
321 1312 483 1382 voluerunt,
501 1312 529 1368 id
547 1314 622 1385 qnod
634 1330 670 1369 ex
684 1315 846 1384 quibusdam
862 1317 945 1373 rebus
960 1334 1010 1372 ex-

108 1399 184 1471 iguis
201 1415 271 1469 quae
287 1396 384 1453 oculos
402 1394 501 1451 tallere
516 1396 617 1467 solent,
637 1397 746 1456 litteras
764 1400 828 1455 dico
845 1400 890 1455 vel
907 1400 1009 1455 mains-

108 1482 188 1539 culos
207 1482 252 1537 vel
268 1478 450 1548 minusculas,
471 1478 684 1551 interpungendi
700 1482 800 1553 signa,
815 1482 884 1538 vitia
901 1498 1011 1560 quoqne

109 1636 198 1687 uerat,
228 1624 274 1675 cir.
300 1622 441 1678 casauboni
465 1626 585 1690 epistolae
612 1626 651 1677 ed.
679 1626 769 1681 Graev.
792 1644 819 1694 p.
844 1629 885 1681 31.
917 1630 1012 1679 Verum

109 1712 132 1745 a.
151 1694 219 1745 1616
236 1692 399 1744 Casaubonns
417 1694 450 1743 ad
469 1708 570 1742 manum
594 1694 643 1743 sibi
660 1695 740 1745 luisse
752 1704 858 1747 testatur
877 1697 1012 1747 editionem

109 1778 167 1813 cunt
185 1761 282 1811 Aurelii
296 1762 405 1811 Victoris
422 1762 484 1811 viris
502 1761 641 1811 illustribus
658 1759 815 1813 coniunctam
833 1774 859 1813 et
876 1765 1012 1815 Mediolani

109 1846 156 1900 per
176 1830 250 1879 Alex.
270 1829 436 1879 Minatianum
454 1836 511 1878 ante
531 1836 625 1877 centum
646 1838 672 1879 et
690 1838 744 1880 ceto
765 1847 844 1881 onnon
866 1833 883 1881 i.
905 1847 927 1881 e.
944 1846 1010 1881 anno

110 1900 178 1952 1502
195 1913 326 1960 excusem,
348 1898 479 1962 quaesibi
500 1897 587 1962 scripti
605 1898 661 1947 libri
676 1899 755 1949 instar
774 1899 875 1953 fnisset.
911 1901 1010 1951 Plenas·

110 1985 160 2033 que
183 1967 303 2016 lectiones
329 1968 360 2016 ab
379 1980 408 2015 eo
428 1974 632 2015 commemoratas
654 1967 790 2032 pluresque
815 1968 922 2018 omissas
941 1968 1009 2016 Bon·

111 2037 192 2102 garsii
209 2049 286 2083 manu
307 2035 447 2099 adscriptas
466 2033 548 2097 reperi
565 2033 592 2082 in
610 2035 725 2099 exemplo
744 2036 937 2100 Antverpiensis
956 2034 1009 2083 edi·

110 2105 187 2154 tionis
202 2118 226 2155 a.
245 2104 325 2162 1574,
342 2102 410 2166 quod
424 2101 521 2150 Bernae
539 2109 661 2152 servatur.
697 2104 726 2152 ln
749 2118 778 2153 eo
797 2103 912 2169 exemplo
928 2104 1010 2153 littera
1101 2146 1104 2153 .

111 2173 143 2222 M
159 2184 224 2235 qnae
242 2186 274 2219 ex
293 2170 414 2230 editione,
431 2171 514 2220 littera
531 2170 557 2218 P
572 2185 637 2234 quae
656 2187 671 2220 e
687 2171 840 2232 Petaviano,
857 2187 923 2221 nunc
940 2170 1010 2220 Pari-

110 2243 167 2292 sino
193 2239 280 2288 codice
303 2240 395 2303 scripto
420 2246 538 2302 excerpta
566 2246 625 2288 sunt
648 2241 854 2306 distinguuntur:
887 2239 1010 2290 Bernensi
1085 2240 1089 2251 ⁴

111 2308 227 2372 exemplo
251 2306 426 2356 Casanbonum
449 2320 522 2356 usum
540 2321 613 2367 esse,
640 2307 715 2358 fldem
738 2307 833 2358 faciunt
855 2308 1010 2358 coniecturae

111 2377 206 2439 aliquot
232 2373 420 2439 Bongarsianae
447 2391 482 2424 ex
504 2373 643 2438 Bonparsa'i
661 2377 746 2427 cocleae
768 2377 798 2426 ab
824 2376 867 2426 illo
889 2376 1008 2441 prolatae,

110 2445 262 2494 convincunt
279 2442 320 2491 hic
335 2442 385 2490 illic
403 2450 477 2492 notae
495 2441 525 2490 M
539 2449 563 2492 et
575 2443 601 2490 P
616 2442 738 2494 confusae
755 2444 795 2494 vel
813 2443 911 2493 Pithoei
929 2443 1010 2492 codex

110 2527 157 2578 pro
171 2511 307 2560 Petaviano
323 2523 356 2558 ex
370 2510 517 2575 compendio
534 2509 559 2557 P
574 2508 666 2560 lactus.
703 2513 835 2562 Praeterea
852 2526 908 2560 eam
921 2510 1010 2560 editio-

111 2595 168 2630 nem
188 2593 262 2628 nemo
282 2578 358 2637 vidit,
382 2592 462 2641 neque
479 2577 555 2627 hodie
572 2578 742 2646 bibliographl
759 2580 834 2629 aliam
846 2579 964 2627 Virorum
979 2576 1009 2622 il-

111 2649 228 2698 lustrium
250 2647 384 2696 editionem
410 2645 622 2695 Mediolanensem
645 2648 677 2696 ab
701 2648 776 2698 Alex.
802 2646 939 2694 Minatiano
962 2644 1009 2690 im·

110 2730 225 2782 pressam
247 2721 338 2763 norunt
358 2713 407 2762 nisi
430 2713 462 2761 de
479 2727 501 2761 a.
524 2712 591 2763 1509
608 2729 714 2777 eamque
730 2713 902 2765 Grammaticis
923 2724 1009 2760 caren-

111 2793 170 2833 tem.
209 2783 324 2832 Ceterum
345 2780 393 2831 luit
408 2781 451 2830 illa
467 2794 536 2828 mena
552 2783 666 2845 repetitio
687 2783 844 2832 Florentinae
862 2779 900 2828 vel
919 2778 1009 2828 similis

110 2851 231 2911 adonius,
246 2852 299 2900 sine
311 2849 369 2898 ullis
382 2849 497 2914 vestigiis
515 2863 604 2897 manus
624 2849 806 2902 emendatricis.

146 2917 172 2969 3.
193 2918 304 2968 Achilles
320 2916 416 2968 Statius
427 2917 522 2968 Romae
538 2931 559 2966 a.
575 2915 642 2966 1565
654 2925 762 2967 veterem
778 2917 903 2980 quandam
921 2915 1010 2965 editio·

109 3001 170 3038 nem
180 2986 306 3036 consuluit
317 3000 373 3035 cnm
385 2985 527 3035 Florentino
542 2985 636 3047 ubique
653 2984 928 3044 lereconsentientem,
946 2997 1010 3032 non·
1102 3029 1105 3037 .

108 3070 250 3118 numquam
260 3055 373 3104 Venetae
390 3053 538 3104 Bernardini
558 3053 727 3114 accedentem,
744 3061 772 3102 nt
785 3070 811 3119 p.
824 3052 883 3114 259,
898 3054 932 3103 22
947 3052 1010 3101 elu-

108 3125 207 3179 dendo,-
224 3138 251 3188 p.
264 3121 324 3184 269,
341 3122 375 3172 28
389 3130 488 3184 porto3
504 3120 550 3170 sed
563 3121 632 3171 haud
647 3123 681 3170 ita
698 3136 755 3171 raro
773 3137 839 3171 nunc
855 3123 881 3170 in
895 3121 1010 3170 omitten-

108 3193 151 3242 dis
169 3190 300 3240 vocabulis
317 3190 355 3256 (p.
375 3190 434 3250 261,
452 3189 485 3238 14
499 3197 524 3238 et
543 3189 575 3240 16
591 3190 709 3240 Varrone
723 3198 747 3240 et
766 3191 893 3247 Marcum
906 3204 932 3253 p.
950 3185 1010 3244 264,

107 3262 126 3312 9
142 3273 209 3324 que;
225 3275 252 3325 p.
264 3259 324 3322 271,
344 3257 377 3308 19
392 3257 460 3320 dam)
476 3271 543 3306 nunc
559 3258 584 3305 in
601 3259 744 3310 nominibus
758 3258 885 3308 mutandis
901 3261 938 3322 (p.
949 3252 1009 3312 258,

107 3328 125 3379 6
146 3329 181 3377 h.
194 3327 301 3382 Aeliae:
313 3343 339 3392 p.
351 3325 409 3386 263,
421 3325 453 3378 16
465 3324 601 3380 latemus.-
617 3326 659 3380 21.
669 3326 701 3378 31
712 3327 812 3378 Hirtius
821 3333 845 3376 et
854 3322 952 3386 Hirtio)
964 3334 1010 3371 sno

109 3411 213 3460 quoque
229 3395 333 3446 arbitrio
349 3401 474 3460 agentern.
