2475 3775
460 181 744 230 v·1ru1.u1os.
1033 167 1091 229 221

100 349 194 400 torum
207 336 497 418 publicanorumque,
516 337 563 416 qui
578 353 711 416 umquam
726 352 760 397 se
776 345 823 398 aut
837 335 948 396 Romae
968 335 1095 397 debitum
1220 407 1221 418 χ

101 425 191 484 autin
203 424 251 482 via
265 421 426 501 portorium
440 419 633 499 flagitassent,
649 423 699 481 vix
712 421 763 482 ulli
775 421 923 501 pepercit;
940 420 1095 499 exquibus
1168 445 1173 460 ³

101 506 244 586 queridam
269 506 298 564 iu
323 505 388 584 ipsa
415 503 589 577 salutatione
613 505 759 586 supplicio
786 504 918 565 traditum
943 503 1095 582 statimque
1128 562 1142 572 ,

99 599 281 667 revocatum,
302 588 609 660 cunctis-clementiam
629 587 825 667 laudantibus,
851 606 949 649 coram
972 589 1096 648 interlici

78 675 194 753 siussit,
203 673 289 734 'velle
301 691 333 732 se
352 672 452 740 diceus
466 690 602 753 poscere
616 673 746 750 oculos3
761 673 881 734 alterius
893 689 1009 753 poenae
1022 672 1095 733 duos

100 758 177 820 filios
194 757 301 818 adiecit
321 757 474 837 deprecari
495 775 551 838 pro
571 767 656 838 patre
680 767 811 818 conatos.
840 757 899 818 Sed
919 765 949 818 et
969 757 1096 836 equitem

99 843 136 903 ll.
153 841 394 922 proclamantem,
410 859 474 901 cum
495 851 649 922 raperetur
671 842 708 903 ad
729 858 867 922 poenam:
892 840 991 906 Heres
1010 857 1097 901 meets

100 928 154 987 es!
167 925 482 988 exhiberetestameuti
493 926 607 988 tabulas
619 927 728 1004 coegit,
740 937 828 1006 utque
840 925 1096 1004 legitcoberedem
1126 976 1129 985 Α

101 1010 157 1070 sibi
171 1008 305 1072 libertum
321 1011 386 1069 eius
405 1013 579 1091 ascriptum,
598 1011 723 1089 iugulari
739 1029 803 1071 cum
815 1010 921 1071 liberto
933 1011 1095 1091 imperavit.

65 1121 93 1161 ιο
102 1094 250 1171 Quosdam
265 1102 295 1157 et
314 1093 351 1153 de
371 1094 461 1174 plebe
479 1094 518 1154 ob
539 1094 570 1154 id
590 1097 696 1175 ipsum,
718 1095 801 1175 quod
824 1097 956 1162 Venetae
975 1094 1096 1169 factioni

103 1179 182 1240 clare
196 1177 273 1239 male
288 1177 371 1238 dixer
390 1186 429 1256 ut,
444 1179 603 1257 interemit,
621 1188 788 1259 contemptu
802 1165 979 1241 sui‘emova
1001 1196 1054 1258 spe
1066 1177 1098 1270 id

102 1280 190 1334 ausos
214 1195 488 1405 opinetusJVullis
514 1272 610 1323 tameu
632 1263 774 1324 infensior
791 1281 875 1342 quum
889 1261 1054 1324 vernaculis
1068 1269 1098 1322 et

101 1347 351 1424 mathematicis,u
379 1344 500 1426 quisque
516 1346 690 1424 deferretur,
706 1348 860 1408 inauditum
881 1347 977 1426 capite
998 1347 1096 1425 puuie·

102 1432 163 1510 bat,
174 1429 381 1505 exacerbatus,
397 1430 475 1509 quod
486 1440 555 1511 pust
569 1430 696 1495 edictum
711 1450 801 1509 suum,
818 1448 875 1511 quo
890 1429 1008 1490 iubebat
1023 1431 1097 1488 intra

66 1505 149 1578 rsllls
167 1515 231 1576 Oct.
246 1514 319 1576 urbe
335 1513 476 1594 Italiaque
490 1514 683 1576 mathematici
700 1516 889 1591 excederent,
907 1514 1001 1574 statim
1014 1512 1096 1573 libel·

102 1601 147 1660 lus
162 1601 331 1680 propositus
350 1594 406 1676 e'st,
422 1606 453 1659 et
464 1597 745 1744 Oboldqeosficer
791 1600 903 1661 boocm
915 1597 1046 1676 foetum,
1059 1615 1099 1658 oe
1127 1593 1164 1667 td
1224 1635 1225 1644 κ

105 1683 245 1745 Vitellius
259 1682 463 1744 Germanicos
476 1682 562 1744 intra
576 1703 633 1745 eon
658 1683 768 1746 em'Cu
781 1683 931 1746 eodemus
948 1681 1028 1744 dieto
1044 1699 1096 1742 os·
1123 1673 1165 1704 '⁶'

100 1785 196 1849 qoam
209 1764 295 1827 esset
334 1769 494 1846 Suspectus
509 1776 539 1827 et
555 1769 584 1828 in
598 1778 691 1830 morte
703 1772 801 1830 matris
813 1768 875 1845 luit,
894 1770 977 1846 quasi
990 1783 1097 1844 aegrae

101 1851 240 1934 praeberi
256 1850 302 1911 cib
366 1850 572 1931 prohibuisset,
586 1854 762 1917 vaticinante
779 1851 881 1914 Gattha
897 1851 1035 1929 muliere,
1053 1851 1098 1909 cui

62 1938 182 1998 sovelut
195 1935 316 1997 oraculo
330 1936 548 2015 adquiescebat,
565 1939 605 2011 ita
623 1938 735 1998 demum
753 1939 872 1998 firmiter
889 1954 924 1997 ac
941 1934 1098 1996 diutissime

100 2025 321 2101 imperaturum,
344 2021 369 2080 si
392 2030 544 2100 superstes
567 2023 680 2103 parenti
702 2024 863 2083 extitisset..
898 2020 958 2080 Alii
985 2018 1100 2080 tradunt

100 2109 194 2187 ipsam
215 2105 313 2166 taedio
335 2106 531 2185 praesentium
549 2114 580 2165 et
599 2106 803 2169 imminentium
822 2115 900 2167 metu
921 2121 1064 2165 venenum
1083 2120 1099 2179 a

101 2191 162 2253 lilio
179 2191 364 2270 impetrasse,
382 2189 457 2251 baud
472 2209 541 2251 saue
558 2190 724 2251 difficulter.
913 2180 919 2210 r

163 2273 274 2335 Octauo
289 2274 404 2355 inperii
418 2292 519 2335 meuse
534 2276 720 2336 desciverunt
731 2275 771 2345 ab
794 2292 830 2336 eo
853 2274 1001 2337 exercitus
1018 2272 1140 2339 llos-15

63 2385 99 2440 ις
103 2362 210 2420 siarum
229 2367 316 2438 etque
337 2358 520 2437 l'anuouiae,
537 2362 613 2440 item
636 2364 674 2420 eir
695 2362 892 2421 transmarinis
913 2359 1048 2419 ludoicus
1070 2363 1100 2415 et

102 2444 272 2521 Syriaticus,
288 2462 324 2504 uc
341 2461 410 2525 pars
424 2446 455 2503 io
471 2444 600 2505 absentis
614 2462 684 2523 pars
699 2447 728 2503 iu
743 2446 906 2525 praesentis
923 2440 1099 2520 Vespasiani

101 2521 194 2589 verba
214 2528 351 2588 iurarunt.
405 2527 452 2587 Ad
474 2523 653 2589 retinendum
674 2527 935 2606 ergo'ceterorum
956 2524 1100 2583 homiuum

102 2612 226 2673 studium
239 2630 274 2672 ac
287 2612 430 2687 levorem,
446 2611 516 2670 uibil
534 2627 593 2670 non
607 2611 725 2689 publice
743 2613 935 2691 privatimque
955 2604 1035 2685 uullo
1051 2604 1098 2665 ad-

101 2697 194 2758 hibito
211 2695 297 2758 modo
315 2695 438 2771 largitus
450 2702 507 2751 est.
535 2693 680 2753 Dilectum
699 2711 815 2773 quoque
833 2710 869 2753 ea
885 2690 1055 2753 condicione
1072 2690 1100 2748 iu

62 2798 92 2842 ao
103 2780 176 2843 urbe
192 2780 264 2857 egit,
281 2787 312 2837 ut
326 2778 498 2838 voluntariis
513 2792 571 2837 nou
582 2777 669 2837 modo
682 2777 847 2837 missionem
857 2784 927 2855 post
939 2775 1099 2853 victoriam,

102 2866 156 2928 sed
170 2864 258 2924 etiam
273 2870 479 2922 ueteranorum
494 2862 645 2940 iustaeque
662 2860 780 2921 militiae
802 2858 954 2922 commoda
976 2858 1099 2939 pollice·

100 2960 192 3012 retur.
224 2947 348 3023 Urgeuti
366 2946 471 3007 deinde
485 2955 565 3007 terra
579 2949 709 3026 marique
726 2944 803 3005 hosti
819 2945 886 3006 binc
901 2945 1019 3006 fratrem
1036 2938 1115 3005 cum'

102 3034 200 3095 classe
216 3050 251 3092 ac
265 3030 405 3091 tironibus
422 3040 450 3092 et
468 3030 660 3110 gladiatorum
679 3048 764 3090 mauu
780 3030 933 3109 opposuit,
957 3029 1022 3089 binc
1044 3028 1098 3089 Be-

101 3120 266 3184 triaeeuses
281 3118 384 3197 coplas
398 3124 428 3176 et
440 3115 546 3186 duces;
570 3125 657 3195 atque
678 3114 786 3195 ubique
808 3124 855 3175 aut
877 3122 1029 3194 superatus
1052 3121 1099 3173 aut

61 3201 248 3283 aspreditus,
264 3202 386 3262 salutem
401 3201 456 3260 sibi
478 3211 508 3261 et
527 3201 621 3261 milies
642 3203 804 3263 sestertium
828 3218 844 3260 a
865 3198 967 3259 Flavio
989 3195 1098 3256 Sabino

102 3288 278 3366 Vespasiani
303 3287 394 3346 iratre
420 3287 548 3366 pepigit;
584 3288 738 3366 statimque
764 3300 821 3365 pro,
846 3282 984 3362 gradibus
1008 3278 1098 3339 Palati

99 3371 178 3453 apud
193 3370 362 3451 frequentes
377 3370 500 3448 milites,
522 3369 630 3431 cedere
645 3387 679 3431 se
696 3371 818 3451 imperio
835 3367 922 3448 quod,
933 3366 1038 3424 invitus
1052 3378 1097 3421 re·

101 3457 249 3537 cepisset,
273 3455 438 3536 protessus,
463 3458 574 3517 cunctis
594 3453 817 3517 reclamantibus
837 3470 899 3513 rem
918 3446 1040 3525 distulit,
1063 3462 1099 3507 ac
