2475 3775
136 159 197 224 108
218 174 248 222 c.
262 171 622 233 sunnonr,rnano..nu
634 171 718 220 ιιιι
734 170 1001 244 cannamomum.
1018 171 1070 220 ιιι.

133 329 297 391 inconsulto
326 346 359 389 sc
378 325 501 403 adisset,
528 333 647 404 questus
668 334 713 385 est
734 327 763 384 in
783 331 894 386 senatu.
928 323 1022 386 Etiam
1042 342 1129 388 causa

133 416 233 475 mortis
252 414 343 473 fuisse
368 413 396 473 ei
419 408 546 490 percll.
568 408 702 470 Pisonem
723 409 850 486 legatum
872 409 974 484 Syriae
994 408 1129 487 creditur,

135 516 219 578 quem
238 515 305 557 mox
325 497 407 557 buius
425 495 555 555 criminis
575 512 655 553 reum
676 501 774 572 putant
791 491 903 572 qnidam
917 491 1049 553 mandata
1056 510 1128 571 pro·

33 591 36 595 ’
133 583 271 657 laturum,
290 581 345 640 nisi
368 598 403 640 ea
426 587 542 639 secreto
559 585 705 638 ostentant
720 577 783 612 *Η*
801 589 874 656 quae
891 576 1096 638 multifariam
1088 595 1128 641 ιιι·

133 667 271 744 scripturn
292 673 321 724 et
344 682 399 742 per
418 671 523 722 noctes
543 659 719 722 creberrime
735 660 923 722 adclamatum
938 669 998 720 est:
1021 660 1153 725 lleddes

133 749 277 828 Germana
272 749 363 810 oum!
389 747 479 822 Quam
504 746 699 822 suspicionem
724 743 934 806 confirmavit
925 763 990 824 rpse
1015 755 1128 824 postca,

133 834 258 910 coniuge
246 767 365 892 metium
385 848 420 891 ac
441 829 552 890 liberis
557 828 721 894 Germanici
741 828 916 890 crudelem
908 847 937 890 ιιι
954 827 1068 890 modum
1088 829 1128 890 ai·

133 917 229 978 dictis.

91 1012 126 1064 53
194 999 302 1060 Nurum
315 997 523 1077 Agrippinam,
539 1005 607 1076 post
621 997 713 1057 mariti
727 991 848 1057 mortem
863 995 982 1058 liberius
996 997 1127 1076 ¹quiddam

110 1092 276 1162 -questam,
296 1098 381 1141 manu
400 1080 591 1160 apprehendit
605 1080 780 1160 Graecoque
796 1098 882 1141 uersu
899 1079 936 1140 Si
950 1099 1012 1142 non
1027 1081 1123 1142 domi·
1136 1101 1162 1144 m

130 1165 236 1239 ιιιιιὶι,
254 1165 361 1242 inquit,
376 1163 655 1244 ptatm‘mmrtcm
672 1171 701 1226 te
715 1164 859 1244 occipere
873 1165 1058 1228 emittimus?
1073 1183 1128 1226 nec

131 1249 191 1310 ullo
205 1265 274 1308 mox
288 1265 422 1309 sermone
437 1247 639 1327 dignatusest.
672 1248 820 1324 Quondam
835 1265 906 1309 uero
921 1249 996 1309 inter
1010 1267 1128 1309 caenum

132 1340 268 1412 porrecta
290 1350 307 1392 a
330 1351 363 1392 se
374 1349 469 1411 poma
479 1342 603 1433 gustare
619 1350 677 1393 nou
693 1351 790 1402 ausam
808 1334 892 1392 etiam
907 1349 1017 1394 vocare
1031 1332 1127 1408 desib,

132 1416 267 1477 simulans
278 1418 383 1477 veneni
396 1435 429 1477 se
444 1417 561 1477 crimine
576 1416 702 1486 accersi;
719 1435 782 1476 cum
799 1423 1009 1496 praestructum
1024 1425 1127 1478 utrum·

132 1519 188 1591 qne
203 1500 335 1560 consulto
351 1509 439 1578 esset,
456 1509 488 1560 ut
499 1501 553 1560 et
544 1519 608 1579 ipse
623 1499 778 1579 temptandi
789 1501 883 1578 pratia
899 1500 1018 1560 oberret
1035 1509 1064 1560 ct
1078 1501 1127 1560 illa
1137 1521 1161 1562 m

132 1574 214 1664 quasi
236 1585 423 1644 certissimum
452 1585 567 1644 exitium
589 1593 715 1645 cavaret.
753 1583 918 1649 Novissime
940 1584 1129 1646 calumniatus

130 1667 217 1728 modo
234 1667 269 1728 ad
285 1677 406 1728 statuam
416 1667 539 1745 Augusti
553 1667 640 1728 modo
655 1667 692 1729 ad
703 1668 850 1728 exercitus
865 1667 1026 1745 coningere
1038 1667 1128 1744 velle,

130 1751 326 1812 Pandatariam
348 1753 507 1829 relegarit,
529 1753 753 1830 conuiciantique
774 1750 889 1811 oculum
913 1769 967 1829 per
984 1753 1127 1814 centurio·

130 1855 195 1897 nem
210 1834 381 1897 verberibus
395 1836 533 1897 excussit
562 1836 673 1897 Rursus
687 1836 760 1896 mori
774 1835 868 1897 inedia
884 1835 1053 1914 destinanti,
1075 1853 1128 1916 per

130 1924 187 1980 vim
206 1938 257 1980 ore
278 1920 409 1998 diducto,
431 1921 556 1982 infulciri
580 1920 675 1981 cibum
691 1920 782 1981 iussit.
815 1919 918 1980 Sedet
936 1937 1162 1999 perseveras-ao

129 2014 186 2063 tem
208 2011 293 2082 atqua
313 2007 351 2065 ita
367 2005 543 2084 absumptam
560 2005 795 2065 criminosissime
809 2003 968 2073 insectatus
981 2012 1040 2080 est,
1063 2021 1128 2063 cnm

69 2095 75 2108 ·
129 2086 203 2145 dicm
215 2104 330 2165 quoque
342 2088 465 2147 natalem
479 2090 542 2148 eius
552 2090 627 2149 inter
641 2089 772 2149 nefastos
783 2086 967 2149 referendum
979 2088 1128 2147 suasisset

128 2168 281 2247 lmputavit
295 2171 396 2245 etiam,
420 2170 569 2248 quodum
584 2172 690 2249 laqueo
709 2172 957 2251 strangulatorum
973 2171 1130 2232 Gemonias

129 2251 282 2313 abiecerit}
306 2268 417 2330 proque
444 2253 494 2313 tali
516 2253 669 2315 clementia
689 2256 834 2333 interponi
854 2255 1001 2315 decretum
1022 2272 1129 2334 passus

129 2342 191 2411 est,
213 2351 270 2413 quo
292 2334 347 2396 sibi
365 2336 645 2413 gratiaeagerentur
666 2347 695 2399 et
709 2337 874 2418 Capitolino
888 2338 953 2399 lori
969 2338 1074 2400 donum
1090 2357 1163 2399 exau

85 2450 89 2455 1
130 2437 199 2480 auro
214 2428 387 2479 sacraretur.
627 2469 629 2474 .

87 2510 121 2562 54
190 2501 260 2564 Cum
279 2520 316 2563 ex
330 2502 501 2564 Germanico
515 2510 578 2563 tres
592 2514 731 2583 nepotes,
752 2505 899 2567 Neronem
914 2514 943 2566 et
957 2504 1083 2567 Drusum
1099 2515 1131 2567 et

129 2586 242 2663 (laium,
266 2606 304 2647 ex
319 2586 414 2647 Druso
437 2604 520 2648 uuum
537 2586 683 2649 Tiberium
703 2589 842 2660 baberet,
864 2589 1016 2651 destitutus
1033 2599 1130 2651 morte

128 2670 283 2730 liberorum
308 2673 448 2733 maximos
476 2680 543 2732 nato
568 2671 609 2733 de
635 2672 795 2736 Germanici
817 2672 900 2750 liliis,
925 2673 1072 2735 Neronem
1100 2682 1130 2734 et

127 2750 248 2812 Drusum
249 2756 400 2856 ‚patribus
415 2757 591 2835 conscriptis
601 2757 818 2819 commendavit
826 2756 960 2836 diemque
975 2759 1128 2836 utriusque
1139 2775 1164 2817 ιι

127 2836 249 2896 tirocinii
270 2840 419 2936 congiario
438 2840 538 2919 plebei
562 2840 630 2901 dato
652 2842 826 2902 celebrauit.
853 2841 911 2901 Sed
926 2850 957 2901 ut
973 2841 1129 2921 comperit,

47 2952 56 2961 -
90 2927 93 2931 ’
127 2918 241 2978 ineunte
255 2938 329 2979 anno
343 2939 396 2999 pro
407 2923 510 2992 'eorum
525 2942 643 3003 qnoque
658 2926 749 2986 salute
767 2924 884 3004 publice
898 2935 965 2986 vota
979 2933 1130 3003 susceptu,

127 3002 193 3077 egit
208 3019 271 3061 cum
286 3007 614 3081 accommodatae
631 3009 709 3069 totio
720 3009 867 3089 procando
882 3008 979 3071 tribui
992 3008 1055 3069 cisi
1070 3025 1127 3069 ec·

124 3083 224 3163 pertis
238 3092 268 3144 et
280 3093 382 3147 astute
392 3092 566 3166 provectis.-
591 3101 677 3171 atque
694 3110 732 3153 ex
747 3109 800 3170 eo,
824 3092 994 3171 patefacta
985 3092 1130 3153 interiore

126 3167 209 3228 animi
234 3169 277 3229 sui
302 3178 387 3246 notu,
414 3174 537 3232 omnium
558 3176 801 3237 criminationibus
822 3175 968 3237 obnoxios
991 3175 1164 3275 reddidit,m

126 3254 261 3331 variaque
282 3251 383 3313 iraude
407 3254 556 3333 inductos,
576 3267 606 3320 ut
628 3268 657 3319 et
673 3262 887 3322 concitarentur
902 3260 938 3320 ud
954 3260 1081 3321 convitia
1099 3268 1131 3319 et

126 3338 261 3397 concitati
277 3336 484 3415 proderentur,
500 3344 649 3402 accusavit
664 3361 718 3421 per
735 3345 847 3406 litteras
862 3345 1040 3405 amarissime
1056 3359 1129 3403 con-

125 3421 218 3494 gestis
238 3422 321 3481 etiam
336 3418 470 3499 probris,
490 3423 672 3487 etiudicatos
686 3426 779 3488 bostis
792 3428 868 3489 lame
883 3430 1013 3491 necavit.
1031 3426 1129 3489 Nero·

1202 3596 1213 3733 l
