2475 3775
446 161 734 221 ercomenon.
901 187 903 202 =
1055 157 1113 220 121

133 270 274 390 ςιιιιιιιιιιι
296 303 483 391 absdauisse,
503 317 579 395 qaod
603 319 679 396 apud
701 317 823 380 Partlros
843 321 929 382 iustiti
952 324 1040 384 instar
1061 333 1114 385 est.

131 397 248 457 llomae'
258 398 386 476 quidem,
403 415 467 457 oum
479 399 647 478 adprimarn
661 402 762 462 lamam
778 403 938 464 valitudinis
953 408 1068 482 attonita
1086 417 1115 468 et
1129 415 1145 468 6
1227 467 1232 474 .

96 507 99 510 ·
131 490 241 542 maesta
260 483 360 542 civitas
380 484 525 560 sequentis
539 486 652 565 nuntios
669 487 863 564 opperiretur,
881 497 910 548 et
923 499 1044 566 repente
1059 492 1114 551 iam

106 590 108 592 ·
130 565 1114 650 vesperiineertisaaetorilrnsconvaluissetandempreorelrruisset,

107 649 237 727 apassim
260 667 323 709 oum
346 648 495 710 luminibus
512 661 543 710 et
563 653 687 714 victimis
706 653 736 713 in
754 652 923 733 Capitolium
945 671 1113 720 coneursum

129 741 176 792 est
189 748 225 792 ao
245 750 339 811 paene
361 733 496 794 reuolsae
517 736 616 814 templi
631 737 727 812 iores,
745 737 865 815 nequid
880 738 1031 813 gestientis
1047 749 1114 799 vota

128 815 252 875 reddere
271 825 447 893 moraretur,
469 820 727 898 expergefaetuse
748 837 848 880 somno
870 820 1003 881 'liberius
1018 832 1113 899 gratu,

129 898 245 960 hadom
259 899 382 961 uooilrus
388 910 482 985 atque
492 902 621 980 nudique
635 905 858 966 oonoinentiunt:

202 983 302 1044 Soleo
315 983 425 1062 Romo,
440 986 532 1047 solva
547 986 666 1064 patrio,
682 987 788 1048 soleae
803 994 849 1048 det
859 986 1067 1050 damonia-rte.

91 1086 119 1128 so
129 1066 169 1128 Et
180 1077 212 1127 ut
233 1068 343 1128 demum
364 1069 423 1129 lato
445 1070 571 1129 fanetum
590 1069 683 1149 palam
705 1071 810 1131 laetum
836 1079 895 1146 est,
919 1087 977 1130 non
1002 1073 1112 1132 solatiis

127 1151 209 1228 ullis,
229 1169 288 1212 non
298 1152 404 1212 edistis
419 1152 541 1236 inhiberi
561 1153 654 1214 laetas
669 1153 801 1232 publious
816 1155 923 1233 potuit,
947 1155 1111 1235 duravitque

127 1236 213 1296 etiam
228 1253 282 1314 per
296 1236 388 1296 festos
401 1236 572 1301 nemanso
589 1239 697 1297 mensis
714 1237 786 1318 dies.
827 1237 915 1298 Auxit
929 1237 1051 1316 gloriam
1062 1241 1110 1299 de·

127 1319 319 1396 sideriumque
343 1319 468 1380 defuncti
490 1329 520 1381 et
545 1322 684 1381 atrocitas
708 1322 914 1400 insequentium
943 1330 1111 1401 temporum,

127 1403 238 1463 eunetis
260 1421 316 1463 neo
336 1413 445 1464 tamem
466 1404 648 1484 opinantibus
667 1407 830 1465 reuerentia
844 1405 905 1464 eins
921 1422 955 1464 ao
974 1415 1048 1464 metu
1065 1424 1110 1465 re·

90 1504 117 1544 ιι
127 1503 258 1566 pressam
279 1485 375 1546 Tiberi
395 1489 563 1563 saeuitiam,
591 1505 666 1566 qnae
685 1505 754 1550 mox
767 1489 910 1567 eruperit.
953 1487 1056 1548 llabait
1082 1489 1140 1549 int

125 1572 304 1630 matrimonio
321 1571 519 1651 Agrippinam,
533 1571 572 1632 td.
589 1571 740 1652 Agrippae
754 1581 783 1631 et
796 1570 884 1632 lullae
900 1571 1002 1647 liliam,
1022 1581 1052 1631 et
1072 1589 1110 1632 ex

124 1671 280 1714 aaronem
301 1654 411 1721 liberos
431 1657 508 1716 tulit:
539 1658 657 1733 quorum
677 1655 733 1716 duo
759 1654 882 1715 inientes
907 1655 998 1714 adhue
1023 1657 1109 1735 rapti,

123 1754 197 1796 unus
210 1741 265 1798 iam
281 1755 457 1816 puerascens
473 1739 577 1814 insigni
591 1739 757 1812 iestivitate,
775 1739 853 1797 ouius
870 1739 997 1815 effigiem
1013 1737 1110 1798 hahita

124 1820 273 1901 Cupidinis
287 1823 315 1881 in
326 1821 400 1882 aede
414 1820 593 1903 Capitolinae
609 1821 825 1882 Venerisdivia
841 1820 993 1898 dedicavit,
1011 1822 1108 1899 dugu-

89 1924 115 1964 ιι
127 1908 228 1965 stnain
243 1905 376 1966 oublonlo
392 1924 444 1966 suo
460 1908 593 1985 positam,
613 1907 803 1985 quotiensque
817 1906 963 1981 introiret,
987 1922 1108 1964 exoscu-

124 1990 250 2058 labatur;
267 1991 358 2049 aeteri
375 1992 547 2069 superstites
561 1988 637 2069 patri
651 1989 773 2065 luerunt,
792 1998 852 2049 tres
868 2006 955 2047 sexus
970 1987 1109 2063 feminini,

124 2073 285 2151 Agripplna
297 2073 422 2134 Drusilla
440 2074 552 2150 Liuilla,
575 2074 711 2133 continuo
731 2072 853 2133 triennio
870 2080 968 2141 natae;
991 2071 1109 2132 totidem

122 2174 229 2234 mares,
251 2156 331 2217 Nero
352 2166 382 2216 et
399 2158 508 2218 Drusus
525 2166 554 2217 et
571 2155 604 2217 C.
624 2155 742 2217 Caesar.
771 2154 917 2215 Neronem
936 2164 966 2215 et
987 2155 1109 2215 Drusum

84 2258 88 2263 ·
123 2248 242 2301 senatus
256 2240 370 2302 'liberio
389 2242 553 2302 criminante
563 2241 663 2301 hostes
678 2240 820 2309 iudicauit.

6 2350 12 2363 ·
88 2338 115 2378 rs
186 2322 221 2383 (l.
234 2322 342 2385 Caesar
355 2335 436 2385 natas
451 2334 496 2385 est
507 2326 598 2403 pridie
613 2313 754 2405 lllrSept.
771 2323 855 2403 patre
866 2341 922 2385 sno
937 2334 969 2384 et
985 2322 1019 2383 0.
1033 2322 1107 2384 Fon·
1122 2332 1140 2384 8

121 2407 182 2489 teio
203 2406 343 2487 Capitone
363 2426 440 2468 eoas.
473 2409 529 2470 Ubi
549 2418 632 2470 natus
655 2410 705 2485 sit,
727 2410 867 2469 insertum
885 2407 1037 2467 diversitas
1052 2415 1106 2465 tra-

122 2490 248 2551 dentium
262 2492 342 2552 laeit.
371 2490 430 2552 CN.
447 2492 582 2553 lentulus
602 2492 767 2552 Gaetulicus
782 2490 877 2551 Tiburi
892 2492 1020 2566 genitum
1036 2488 1107 2545 sori·

122 2574 176 2650 bit,
197 2575 303 2635 Plinius
324 2575 474 2635 Seonndus
493 2578 522 2633 in
539 2575 695 2651 Treveris,
726 2576 793 2634 vieo
817 2572 996 2635 Ambitaruio
1021 2586 1108 2649 supra

123 2657 324 2727 desilientem
340 2658 419 2719 addit
433 2658 518 2718 etianr
532 2674 587 2735 pro
601 2666 783 2734 argumente,
799 2672 865 2715 aras
879 2652 919 2712 ibi
938 2652 1051 2713 ostendi
1066 2653 1106 2711 in·
1138 2730 1143 2735 μ

87 2733 265 2821 eosemp‘tas:
281 2742 578 2819 ob·Agrippinae
603 2741 849 2817 puerperium.
892 2736 1106 2808 Versieuliim·

122 2836 242 2903 perante
257 2843 326 2885 mox
339 2843 377 2885 eo
392 2821 531 2901 divulgati
539 2822 618 2901 apud
633 2820 768 2886 hibernas
779 2820 913 2899 legiones
925 2829 1106 2900 procreatum
1213 2898 1216 2906 Ι

120 2907 262 2969 indicant:
840 2936 845 2952 ·

247 2997 284 3054 In
297 2998 398 3055 coevis
416 3001 508 3063 mate,
516 2994 800 3067 patientissime-in
819 2997 913 3063 armat,

327 3078 390 3136 Iam
410 3075 693 3151 daepaodprinoipis
712 3091 791 3133 emen
806 3081 875 3132 erat.

86 3160 190 3239 saligo
210 3163 239 3220 in
258 3162 332 3228 antis
348 3161 417 3222 Anti
438 3158 543 3218 editam
559 3159 686 3218 invenio.
729 3154 905 3217 Gaetulicum
923 3155 1032 3216 refellit
1049 3154 1104 3215 Pli-

120 3245 186 3305 niirs
209 3244 289 3323 quasi
309 3244 454 3304 meantum
471 3260 528 3321 per
547 3240 753 3318 adulationem,
773 3248 804 3320 ut
824 3236 858 3298 ad
880 3238 978 3323 laudes
993 3240 1104 3298 iuvenis

119 3328 303 3405 gloriosique
312 3327 456 3407 prinoipis
469 3325 578 3404 aliquid,
591 3326 676 3385 etiam
692 3322 814 3385 euurbe
828 3322 946 3383 llerouli
960 3338 1042 3380 saara
1058 3336 1103 3377 su·

119 3420 224 3490 meret,
239 3411 413 3491 alrammque
423 3409 570 3473 audentius
586 3407 745 3485 mendatio,
761 3405 838 3487 quod
854 3415 1030 3466 anterranum
1040 3399 1103 3460 lere
1133 3401 1139 3411 ‘
