2475 3775
419 161 525 210 ornus
542 162 794 226 vusrssrnuns,
1047 160 1108 224 225

108 317 178 377 tium
201 315 333 377 euntibus
356 319 386 377 in
409 326 508 378 monte
531 333 642 380 summo
664 321 830 402 appellatur
850 322 1029 404 Vespasiae,
1060 318 1123 390 ubi²

109 402 323 481 Vespasiorum
341 401 491 481 complura
505 414 688 466 monumenta
702 405 809 484 entant,
822 424 957 485 magnum
974 411 1108 474 indicium

12 526 21 579 7
108 484 277 565 splendoris
289 485 415 547 familiae
440 495 470 547 et
491 490 653 549 vetustatis.
692 489 760 550 Non
781 493 951 570 negaverim
972 493 1108 556 iactatum

107 587 124 630 a
140 569 319 648 quibusdam,
338 569 472 631 Petronis
487 580 601 651 patrem
615 591 633 632 e
650 575 772 651 regione
788 575 994 657 Transpadana
1016 578 1108 640 luisse

81 655 272 732 emancipem
286 671 457 734 operarum,
483 673 559 739 quae
574 675 611 717 ex
628 657 745 720 Umbria
766 660 794 720 in
810 659 935 722 Sabinos
958 661 995 723 ad
1017 663 1106 725 uultu·

105 756 169 798 ram
183 756 322 816 agrorum
338 749 410 818 quot
424 741 506 800 annis
519 757 693 802 -eommeare
715 743 845 816 soleant3
867 744 1036 808 subsedisse
1058 763 1107 808 aa·

105 831 165 882 tem
180 824 210 882 in
227 821 339 902 oppido
355 824 492 902 Reatino,
512 843 606 886 uxore
618 825 724 888 ibidem
739 828 834 898 dueta.
867 827 947 909 lpse·
960 849 997 891 ne
1019 826 1106 892 resti·

104 909 186 983 mum
202 906 317 986 quidem
331 907 369 967 de
385 907 458 985 boo,
476 911 609 988 quamvis
629 913 699 978 satis
714 914 829 974 curiose
850 914 1041 994 inquirerem,
1065 917 1106 977 in·

103 1009 184 1052 vent.
676 1009 678 1014 '

68 1095 95 1138 so
168 1076 371 1156 Vespasianus
384 1085 471 1137 natus
484 1086 530 1138 est
542 1079 574 1138 in
583 1078 698 1140 Sabinis
709 1079 783 1142 ultra
794 1082 887 1143 lleate
899 1083 967 1143 vieo
978 1083 1134 1160 modion,.2

93 1160 152 1241 ¹eui
166 1177 273 1220 nomen
284 1170 330 1222 est
342 1161 523 1239 Phalacrine,
538 1161 604 1224 XV.
616 1163 663 1226 tlt
676 1163 769 1224 Deeb.
782 1169 912 1244 vesperi,
925 1167 967 1242 Q..
975 1167 1105 1248 Sulpicio

106 1242 275 1321 Camerino,
294 1244 328 1306 G.
343 1244 487 1325 Poppaeo
503 1245 612 1307 Sabino
631 1262 711 1308 eous.
729 1249 923 1327 quinquennio
938 1259 1005 1311 aute
1021 1269 1106 1330 quam
1164 1319 1168 1326 ,

105 1327 448 1406 Augustusexoederem
472 1328 611 1391 educatus
633 1330 685 1391 sub
704 1340 825 1410 paterna
845 1335 911 1394 avia
928 1333 1056 1395 Tertulla
1076 1338 1106 1395 in
1164 1343 1165 1346 ’

105 1414 235 1492 praediis
253 1412 387 1476 Cosanis.
420 1413 519 1489 Quare
533 1415 675 1497 princeps
691 1433 808 1496 quoque
826 1427 855 1477 et
876 1418 973 1477 looum
989 1418 1104 1478 incuna-
1196 1485 1198 1490 ,

64 1496 239 1557 tubulorum
260 1497 376 1558 assidue
397 1498 610 1579 frequentavit,
639 1510 773 1561 manente
792 1500 862 1562 villa
890 1501 984 1580 qualis
1011 1501 1106 1562 iuerat

104 1580 191 1658 olim,
211 1600 251 1641 ae
266 1581 335 1661 quid
358 1582 474 1643 seilicet
495 1583 647 1644 oeulorum
669 1584 869 1645 consuetudini
892 1585 1056 1664 deperiret;
1077 1593 1106 1647 et

102 1667 187 1726 ariae
201 1667 371 1728 memoriam
387 1674 468 1727 tanto
486 1683 579 1746 opere
595 1668 717 1746 dilexit,
731 1669 762 1729 ut
776 1669 968 1730 sollemnibus
978 1687 1012 1730 ao
1021 1671 1105 1733 lestis

101 1748 206 1810 diebus
221 1749 468 1829 pocilloquoque
482 1751 549 1810 ,eius
570 1762 715 1830 argenteo
736 1761 840 1832 potare
858 1755 1104 1833 perseveraverit.

161 1833 282 1913 Sumpta
290 1833 367 1895 virili
378 1843 459 1913 toga,
471 1832 561 1895 latum
573 1835 696 1915 elatum,
711 1838 978 1918 quamquarniratre
987 1836 1104 1916 adepto,

60 1919 148 1980 todia
163 1927 320 1980 aversatus
334 1928 389 1997 est,
405 1936 463 1979 nee
483 1929 513 1979 ut
533 1920 650 1981 tandem
670 1932 827 2002 appeteret
857 1920 999 2001 compelli
1016 1922 1070 1981 nisi
1088 1938 1105 1981 a

98 2012 192 2064 matre
212 2005 315 2082 potuit.
343 2002 386 2064 lia
402 2002 516 2064 demum
535 2005 647 2066 ¹extudit
673 2008 766 2085 magis
780 2008 921 2070 eonvieio
937 2022 1021 2086 quam
1037 2023 1103 2085 pre·

100 2087 183 2149 sibus
198 2088 248 2148 vel
263 2092 453 2166 auctoritate,
473 2088 539 2149 dum
562 2097 627 2149 eum
648 2090 807 2153 identidem
828 2110 882 2171 per
903 2089 1102 2150 contumeliam

99 2167 355 2233 anteambulonem
368 2174 467 2234 fratris
483 2174 626 2254 appellat.

168 2255 354 2317 Tribunatum
370 2258 490 2318 militum
506 2259 538 2318 in
551 2258 675 2320 Thracia
691 2262 809 2331 mernit;
833 2266 970 2339 quaestor
988 2255 1104 2319 Cretam

59 2358 90 2399 aa
100 2348 130 2402 et
145 2339 278 2415 Cyrenas
296 2343 477 2420 provintiam
492 2352 573 2404 sorte
590 2346 685 2425 oepit;
710 2343 865 2408 aedilitatis
884 2354 919 2403 ae
936 2338 1004 2402 mox
1018 2359 1102 2419 prae·

98 2434 182 2487 turae
201 2426 381 2503 candidatus,
398 2426 477 2487 illam
492 2445 551 2487 non
575 2431 636 2488 siue
658 2429 777 2511 repulsa
799 2435 944 2503 sextoque
965 2428 1015 2483 vix
1035 2424 1101 2485 ade·

99 2519 166 2587 ptus
182 2518 228 2569 est
243 2510 323 2586 loeo,
339 2510 415 2572 bano
432 2512 526 2591 prima
542 2513 637 2573 statim
650 2514 791 2592 petitione
803 2510 872 2567 etin
884 2510 1000 2586 primis3
1018 2524 1101 2584 prae·

98 2603 146 2654 tor
159 2593 304 2654 iniensum
319 2596 431 2654 senatui
451 2595 552 2655 Gaium
567 2614 604 2655 ne
622 2614 681 2673 quo
699 2606 757 2655 non
768 2607 881 2669 genere
892 2590 1100 2668 demereretur,

97 2677 183 2738 ludos
198 2677 449 2738 extraordinarios
460 2695 525 2757 ‘pro
546 2680 669 2739 viotoria
693 2679 754 2737 eius
778 2674 948 2735 Germanica
969 2674 1100 2755 depopo-

55 2763 162 2839 eosoit,
179 2778 354 2841 poenaeque
374 2762 591 2821 coniuratorum
606 2761 767 2823 addendum
783 2758 895 2819 eensult
913 2762 943 2818 rit
963 2759 1101 2838 insepulti

97 2848 313 2925 proicerentur.
342 2844 413 2924 Egit
428 2854 457 2905 et
474 2847 587 2923 gratim
604 2848 632 2905 ei
647 2844 723 2923 apud
740 2842 944 2923 amplissimum
958 2843 1098 2923 ordinem,

97 2929 226 3009 quodse
243 2927 356 2991 bonore
372 2947 484 2991 caenae
500 2929 635 3008 dignatus
653 2937 742 2989 esset.
767 2964 768 2967 =

158 3007 330 3074 luter-liaeo
343 3014 476 3075 Flauiam
492 3012 670 3077 Domitillam
684 3012 765 3073 duxit
782 3027 913 3091 uxorem,
933 3013 1024 3074 Statili
1043 3011 1097 3073 Ca·
1111 3020 1128 3076 3

95 3097 195 3177 pellae
212 3098 318 3177 equitis
336 3099 371 3160 ll.
388 3098 575 3161 Sabratensis
591 3116 630 3159 ex
644 3098 746 3159 Africa
763 3095 914 3165 delicatam
937 3099 1005 3159 olim
1024 3096 1097 3159 Lati·

55 3199 210 3261 sanaeque
225 3182 418 3260 eondieionis,
435 3182 488 3243 sed
504 3200 574 3242 mox
591 3182 747 3264 ingenuam
763 3190 792 3243 et
809 3183 901 3243 civem
916 3182 1000 3244 Rom.
1022 3182 1097 3241 reei-

93 3268 247 3345 peratorio
261 3266 369 3329 iudicio
386 3269 607 3345 pronuntiatam,
624 3277 712 3347 patre
725 3274 875 3329 asserente
894 3266 995 3327 Flavio
1013 3264 1096 3324 Libe-

92 3350 159 3411 rale
175 3350 293 3411 Ferenti
308 3353 409 3429 genito
425 3368 481 3412 nee
498 3351 654 3435 quiequam
679 3354 801 3434 amplius
822 3370 908 3431 quarn
932 3348 1097 3428 quaestorio

92 3435 202 3495 scriba.
247 3435 294 3495 Er
310 3436 366 3497 bae
379 3435 491 3497 liberos
507 3437 573 3498 tulit
587 3437 681 3499 Titum
698 3447 726 3499 et
743 3436 937 3499 Domitianum
959 3441 987 3493 et
1001 3431 1097 3493 Domi·

144 3538 296 3581 amonius.
854 3520 891 3578 15
