2475 3775
520 183 690 237 ramses.
1038 175 1095 240 ιιι
1118 146 1144 276 J

101 359 165 404 nan
181 341 212 402 in
231 339 324 402 meula
343 339 604 417 Pontia-,Drusum
625 340 654 400 in
674 342 728 402 ima
750 349 831 420 parte
856 341 965 404 Palatii.
997 341 1099 404 Putant

100 427 246 489 Neronem
266 425 303 486 ad
324 423 515 486 voluntariam
533 433 656 486 mortem
675 435 823 503 eoactum,
846 443 909 487 cum
925 426 953 486 ei
968 426 1098 488 carnifex
1187 457 1191 467 ·

101 511 182 592 qnasi
201 528 239 570 ex
259 517 376 571 senatus
396 511 567 575 auctoritate
590 510 695 572 missus
712 510 834 588 laqueos
850 518 880 569 et
894 508 986 569 unco's
1001 518 1096 570 osten·
1164 571 1170 592 ¹

101 604 191 672 taret,
211 593 306 654 Druso
328 602 427 653 antem
443 591 519 654 adeo
541 592 677 654 alimenta
697 592 837 670 subducta
859 603 890 654 nt
909 601 1065 654 tomentum
1081 611 1097 653 e

6 708 7 713 ι
81 679 206 740 sculeita
221 677 405 756 temptaverit
418 676 565 754 mandere,
577 676 725 739 amborum
732 677 783 738 sic
798 678 935 758 reliquias
950 676 1098 757 dispersas

100 765 196 825 utrix
210 761 383 842 quandoque
399 760 500 840 colligi
513 771 643 842 possent.
733 788 735 798 ·
888 774 893 794 ¹

162 848 258 926 Super
284 854 400 907 veteres
424 848 590 906 amicosne
616 845 773 908 familiares
802 845 904 924 viginti
933 845 987 906 sibi
1013 857 1139 910 eun-55

99 949 179 993 mero
196 931 357 1010 principum
378 931 502 992 civitatis
523 930 755 1010 depoposcerat,
774 929 853 990 velut
868 930 1052 994 consiliarios
1070 931 1098 1008 ip

99 1015 226 1093 negoffls
254 1013 387 1094 publicis.
425 1013 544 1074 -llorum
572 1015 623 1074 vix
652 1013 724 1076 duos
755 1032 829 1076 anne
855 1021 917 1073 tres
947 1013 1099 1074 incolumis

67 1097 272 1182 ropraestitit,'
284 1107 401 1163 ceteros
424 1099 510 1159 alium
531 1098 587 1163 alia
611 1097 647 1160 de
668 1115 754 1160 causa
775 1097 1010 1178 perculit,3iuter
1026 1116 1098 1176 qnos

100 1201 164 1245 cum
185 1183 371 1262 plurimorum
394 1182 478 1243 clade
496 1181 612 1243 Aelium
625 1183 783 1251 ,Seianum3
804 1181 942 1262 quemad
963 1199 1101 1242 summam

100 1268 257 1347 potentiam
277 1284 335 1327 non
351 1275 414 1327 'tam
433 1266 629 1327 benivolentia
651 1275 844 1348 provexerat,
867 1283 952 1344 quam
972 1275 1003 1326 ut
1020 1274 1099 1326 esset

100 1355 180 1413 cuins
193 1351 351 1411 ministerio
364 1368 399 1411 ac
410 1349 557 1420 fraudibus
569 1349 681 1412 liberos
693 1349 854 1411 Germanici
868 1350 1097 1424 circumveniret,

99 1423 294 1515 nepotemque
315 1453 396 1494 suum
413 1452 451 1496 cx
467 1434 562 1495 Druso
578 1434 639 1496 lilio
654 1434 813 1496 naturalem
829 1433 865 1494 ad
880 1435 1099 1494 successionem
1133 1440 1140 1446 '

65 1539 91 1578 as
100 1520 211 1600 imperii
225 1519 418 1592 confirmaret.

132 1613 136 1622 '
158 1603 255 1667 Nilsilo
277 1603 376 1664 lenior·
390 1603 419 1662 iu
441 1596 625 1671 convictores
644 1602 825 1680 Graeculos,
847 1599 950 1683 quibus
972 1601 1020 1661 rel
1040 1606 1140 1662 madi
1164 1651 1167 1664 ι

98 1689 174 1749 xima
190 1685 407 1766 adquieseebet.
440 1687 592 1748 Xenonem
607 1687 749 1766 quendam
775 1687 949 1766 exquisitius
962 1687 1097 1745 sermoci-

97 1781 213 1834 nantem
225 1788 289 1831 cum
303 1773 524 1848 interrogasset,
539 1789 680 1849 quaenam
694 1771 743 1832 illa
755 1769 812 1832 tam
822 1771 945 1830 molesta
957 1768 1099 1830 dialectos

99 1863 196 1933 esset,
215 1863 244 1915 et
258 1854 307 1915 ille
323 1855 523 1935 respondisset
536 1854 688 1932 Doridem,
703 1854 847 1933 relegavit
865 1852 1022 1929 Cinariam,
1039 1854 1097 1913 exi·
1141 1916 1145 1921 ,
1232 1859 1233 1862 ’

64 1942 217 2001 aestimans
241 1938 447 2018 exprobratam
471 1939 527 1999 sibi
551 1948 681 1999 veterem
707 1956 866 2016 secessum,
894 1937 970 2018 quod
991 1936 1098 2001 Dorice
1187 2007 1192 2011 ,

96 2023 204 2086 erodii
229 2022 391 2102 loquantur.
422 2023 494 2084 ltem
521 2041 584 2083 enm
611 2024 724 2083 soleret
751 2041 788 2083 ex
804 2014 935 2084 'lectione
956 2019 1099 2082 cotidiana

99 2108 286 2188 quaestiones
308 2126 398 2188 snper
420 2126 538 2169 caenam
553 2124 723 2187 proponere
746 2116 775 2168 et
791 2108 983 2187 comperisset
998 2104 1097 2165 Seleu·

98 2211 161 2254 cum
181 2192 396 2269 grammaticum
418 2210 435 2253 a
451 2193 587 2252 ministris
602 2194 662 2252 suis
679 2193 867 2273 perquirere,
891 2202 965 2270 qnos
983 2206 1097 2270 quoque

96 2287 231 2357 tempore
258 2284 394 2336 tractaret
419 2286 567 2353 auctores,
595 2284 681 2355 atque
703 2278 740 2337 ita
763 2284 963 2356 praeparatum
987 2275 1098 2349 venire,

63 2376 90 2416 as
100 2364 221 2443 pmmnm
234 2378 251 2422 a
265 2359 460 2422 contubernio
468 2362 601 2439 removit,
617 2360 721 2431 deiude
735 2362 819 2424 etiam
835 2359 871 2421 ad
885 2368 1005 2421 mortem
1021 2374 1098 2417 com·

117 2446 180 2507 ulit.

96 2465 116 2526 Ρ
161 2529 256 2589 Saeva
278 2546 314 2589 ao
337 2528 414 2589 lenta
434 2538 534 2591 natura
556 2548 593 2589 ne
610 2530 639 2589 iu
655 2548 747 2609 puero
764 2526 877 2607 quidem
894 2526 989 2587 latuit:
1015 2534 1139 2599 quamsi

96 2612 270 2674 Theodorus
293 2612 439 2673 Gadareus
464 2613 630 2672 rhetoricae
656 2621 837 2691 praeceptor
857 2619 885 2668 et
909 2606 1098 2691 perspexisse

95 2698 207 2777 primos
227 2696 372 2774 sagaciter
394 2705 423 2757 et
443 2695 619 2757 assimilasse
634 2697 781 2774 aptissime
800 2694 878 2753 visus
895 2700 953 2769 est,
978 2687 1098 2749 subinde

60 2783 127 2841 soto
148 2779 330 2859 obiurgando
353 2780 505 2860 appellans
520 2796 586 2838 enm
600 2768 708 2857 πηλὸν
729 2774 841 2857 αἵματι
859 2768 1098 2855 πεφυραμένον

97 2861 139 2949 [id
154 2874 201 2925 est
215 2864 303 2925 luturn
319 2883 334 2924 a
350 2866 489 2942 sanguine
506 2858 703 2944 maceratum]
729 2861 787 2921 Sed
803 2858 1054 2939 aliquantoruagis
1070 2859 1098 2916 in

94 2950 230 3029 principe
245 2949 345 3025 eluxit,
357 2950 441 3007 etiam
452 2949 527 3008 inter
540 2946 620 3006 initia
632 2964 696 3005 cum
710 2944 802 3007 adhuc
809 2944 944 3005 levorem
954 2942 1098 3003 homiuum

92 3033 304 3094 moderationis
329 3032 508 3093 simulatione
536 3038 675 3109 captaret.
718 3030 867 3107 Scurram,
894 3029 941 3107 qui
968 3036 1097 3107 praeter·

93 3127 184 3178 eunte
204 3117 306 3177 iuuere
329 3115 408 3175 clare
428 3124 540 3177 mortuo
557 3114 723 3191 mandarat,
743 3122 773 3173 nt
793 3113 935 3173 nuntiaret
951 3112 1097 3190 Augusto,

58 3199 232 3264 camdem
251 3199 343 3262 reddi
357 3198 461 3279 deputo
480 3216 561 3280 quae
572 3196 674 3277 plebei
686 3197 871 3277 reliquisset,
890 3197 1045 3258 adtractum
1062 3191 1097 3252 ad

92 3304 128 3346 se
151 3286 290 3365 recipere
317 3283 443 3347 debitum
469 3283 605 3362 ducique·
618 3282 655 3343 ad
682 3278 1043 3363 suppliciumsimperavut,
1069 3283 1099 3333 et

91 3370 173 3449 patri
189 3388 242 3431 suo
259 3388 359 3430 verum
374 3368 496 3429 referre.
529 3367 593 3429 Nec
607 3366 695 3427 multo
712 3374 782 3447 post·
797 3367 825 3425 in
843 3373 943 3425 senatu
958 3359 1097 3436 Pompeio

91 3452 210 3514 cuidam
230 3454 318 3532 equiti
338 3454 374 3515 ll.
395 3452 527 3533 quiddam
549 3452 735 3534 perneganti,
757 3450 821 3511 daun
839 3445 953 3507 vincula
969 3444 1113 3518 minatur,-
