2475 3775
539 166 710 217 susumus.
1055 157 1113 218 105

116 323 263 385 sedectam
278 324 498 404 constupraret,
520 323 662 402 simulque
670 323 794 390 tratrem
811 325 873 384 eius
888 321 1053 394 tibicinem:
1073 335 1113 386 at·

116 421 172 488 que
186 409 300 486 utrique
314 425 396 485 mox,
413 407 497 486 qnod
511 415 607 467 mutuo
623 407 761 484 llagitium
778 406 1006 486 exprobrarant,
1030 427 1113 469 crure

114 493 251 569 fregisse.
277 491 458 553 Feminarum
474 509 601 572 queque,
615 499 647 554 et
662 491 775 570 quidem
792 491 954 567 illustrium,
971 493 1112 572 capitibus
1121 507 1156 560 45

14 592 18 607 ¹
116 584 222 654 quante
235 592 327 654 opere
341 576 443 636 solitus
459 578 495 636 sit
506 575 649 650 inludere,
663 575 878 640 evidentissime
896 577 1030 655 apparuit
1042 577 1113 640 ltal-

93 659 210 720 sloniae
222 659 368 719 cuiusdam
379 661 465 737 exitu,
482 678 565 739 quam
577 659 744 738 perductam
757 677 813 719 neo
827 660 979 739 quicquam
991 661 1115 739 amplius

115 743 175 824 pati
201 744 431 804 constantissime
458 753 639 804 recusantem
664 743 842 804 delatoribus
868 743 991 820 obiecit,
1018 762 1052 804 ac
1076 761 1114 804 ne
1160 775 1162 779 f

107 845 193 888 ream
209 825 323 906 quidem
337 827 524 906 interpellare
542 827 762 906 desiit,·ecquid
777 829 954 906 paeniteret;
971 825 1064 888 donec
1079 843 1115 888 eu

45 928 47 932 ·
113 909 218 972 relicto
233 908 345 971 iudicio
357 911 470 972 domum
484 930 517 972 se
531 911 656 991 abripuit
670 911 809 990 terreque
824 913 976 989 transegit,
993 911 1114 973 obseae·
1219 945 1221 948 ·

115 995 205 1054 nitate
225 995 286 1054 o'ris
305 995 416 1055 hirsute
438 1005 525 1074 atquc
541 995 621 1056 olido
636 997 698 1056 seni
715 993 998 1075 clareexprobrata.
1030 994 1114 1062 Unde
1188 1071 1192 1079 ,
1219 1041 1223 1050 ·

79 1095 196 1138 semera
215 1079 244 1138 in
259 1079 423 1140 Atellanico
439 1079 580 1158 exhodio,
603 1080 743 1158 proximis
760 1079 834 1140 ludis
848 1078 1113 1140 adsensumaxirno
1207 1146 1210 1160 ,

113 1171 259 1305 qncepta,
284 1163 482 1257 percrebruit,
511 1163 630 1225 liccem
652 1163 785 1226 vetulum
810 1162 943 1245 Capreis
968 1172 1116 1226 ceturam

125 1263 321 1392 speqqq'quioe
341 1349 446 1411 parcus
467 1349 502 1394 ac
521 1342 624 1408 tenax,
647 1333 768 1392 comites
784 1315 1109 1411 peregrinationumex-
1120 1304 1155 1397 bb

115 1413 349 1493 politioremque
364 1429 515 1493 numquam
531 1417 655 1493 salario,
674 1415 792 1477 cibariis
809 1425 916 1476 tantum
932 1419 1112 1492 sustentavit,

9 1518 13 1523 ·
79 1515 171 1558 nunna
185 1497 272 1558 modo
289 1498 462 1578 liberalitate
477 1519 514 1560 ex
535 1500 711 1577 indulgentia
727 1500 820 1561 vitrici
835 1509 1024 1581 prosecutus,
1049 1519 1113 1560 cum

113 1581 206 1642 tribus
222 1579 365 1643 classibus
377 1583 462 1643 iactis
475 1602 528 1662 pro
540 1584 679 1662 dignitate
692 1586 840 1664 cuiusque,
857 1585 965 1664 primae
978 1593 1113 1646 sescenta

113 1666 265 1743 sestertia,
287 1666 431 1727 secundae
452 1666 662 1746 quadringenta
684 1667 840 1746 distribuit,
862 1668 984 1730 ducenta
999 1671 1111 1744 tertiae,
1211 1729 1215 1738 ,

114 1757 198 1828 qnam
213 1767 272 1810 non
285 1752 455 1828 amicorum,
471 1751 524 1812 sed
538 1761 687 1830 gratorum
701 1752 876 1830 appellabat.

174 1832 314 1913 Princeps
334 1851 430 1914 neque
450 1851 542 1915 opera
561 1834 620 1896 nlla
642 1837 794 1914 magnilica
809 1836 880 1897 iecit
897 1839 977 1917 (nam
992 1845 1021 1896 et
1038 1833 1153 1915 questi

77 1918 177 1981 insola
198 1927 383 1997 susceperat,
405 1918 529 1997 Augusti
549 1920 687 2000 templum
707 1922 974 1999 restitutionemque
990 1919 1111 1999 Pompe·
1175 1998 1177 2003 ,

1 2038 2 2045 κ
113 2001 171 2062 iani
192 2000 312 2079 theatri,
332 2003 510 2082 imperiecta⁴
524 2012 591 2084 post
614 2013 658 2065 tot
680 2020 770 2065 annos
782 2004 913 2083 reliquit)
935 2022 1030 2083 neque
1045 2022 1111 2084 spe·

113 2084 227 2146 ctacula
242 2086 355 2146 omnino
371 2078 473 2157 edidii;
489 2097 519 2149 et
533 2088 579 2165 iis,
594 2106 668 2168 quae
682 2080 721 2149 ab
735 2090 831 2168 aliquo
850 2090 1014 2166 ederentur,
1026 2092 1111 2148 raris-

112 2168 185 2229 sime
207 2164 349 2247 interluit,
371 2189 407 2231 ne
430 2171 498 2250 quid
519 2181 745 2251 exposceretur,
765 2176 865 2253 utique
886 2182 1040 2254 postquam
1063 2189 1111 2233 ce·

111 2252 246 2313 moedum
252 2252 366 2313 Aetium
377 2264 498 2316 coactus
509 2258 766 2318 estmanumittere.
781 2258 940 2319 Paucorum
948 2266 1113 2318 senatorum

76 2335 214 2415 asinopia
234 2344 407 2416 sustentata,
426 2356 464 2400 ne
484 2340 614 2421 pluribus
635 2359 721 2421 opem
736 2342 982 2420 ierret,·negauit
999 2361 1031 2402 se
1049 2341 1113 2401 eliis

114 2418 336 2499 subventurum,
361 2422 416 2483 nisi
442 2426 554 2485 senatui
577 2426 666 2485 iustas
685 2426 901 2487 necessitatium
920 2443 1022 2485 causas
1044 2440 1111 2504 pro·

112 2503 244 2564 nossent.
274 2505 339 2579 Quo
356 2515 442 2585 pacto
456 2508 615 2587 plerosque
633 2509 774 2570 modestia
790 2518 819 2570 et
834 2510 945 2588 pudore
962 2507 1110 2580 deterruit,

110 2587 265 2667 inquibus
288 2588 453 2667 llortnlum,
476 2591 572 2665 Quinti
586 2592 723 2653 Hortensi
746 2593 871 2653 cratoris
890 2599 1043 2669 nepotem,
1064 2589 1112 2669 qui
1175 2603 1180 2607 ·

111 2670 282 2815 permodica
303 2691 336 2735 re
358 2673 493 2735 familiari
514 2683 634 2735 auctore
647 2676 782 2759 Augusto
797 2681 932 2753 quattuor
946 2672 1055 2745 liberos
1069 2681 1110 2733 tu·

75 2776 104 2822 aa
122 2763 198 2815 erat.
324 2782 329 2791 “

176 2837 295 2901 Publice
319 2840 540 2912 munificentiam
566 2840 612 2901 bis
639 2842 754 2902 omnino
781 2838 927 2918 exhibuit,
957 2842 1153 2921 propositae&

111 2922 209 2983 milies
228 2926 365 2985 sestertio
385 2926 512 3002 mamito
528 2926 557 2988 in
570 2926 675 2984 trienni
688 2932 817 3003 tempus,
839 2928 871 2985 et'
882 2934 980 2987 rursus
995 2926 1109 3006 quibus-

110 3006 178 3066 dam
201 3005 325 3068 dominis
341 3007 511 3084 insularum,
530 3004 603 3087 quae
627 3008 656 3068 in
676 3018 771 3070 monte
789 3008 889 3070 Caelio
906 3010 1109 3087 dellagrarant,

111 3090 211 3169 pretio
225 3093 369 3152 restituto.
403 3092 531 3167 Quorum
546 3092 666 3153 alterum
684 3110 788 3170 magna
804 3093 971 3155 diiiionltate
986 3110 1109 3153 nummo·

75 3174 169 3249 amu,
194 3174 305 3253 populo
325 3175 461 3236 auxilium
480 3176 641 3253 flagitante,
659 3186 778 3237 coactus
796 3186 841 3238 est
855 3178 962 3255 iacere,
979 3196 1042 3261 cuin
1057 3194 1110 3256 per

110 3265 232 3318 senatus
248 3259 408 3319 consultum
425 3262 583 3339 sanxisset,
599 3270 630 3320 ut
644 3260 845 3322 foeneratores
856 3262 931 3323 duas
948 3260 1109 3341 patrimonii

110 3341 266 3421 pantesia
291 3343 356 3404 solo
385 3344 581 3422 collocarent,
606 3343 752 3405 debitores
776 3345 895 3409 totidem
917 3346 995 3405 aeris
1024 3342 1110 3402 alieni

110 3426 210 3485 statim
220 3425 379 3506 solverent,
394 3446 450 3489 nec
461 3447 510 3489 res
523 3428 721 3530 expediretum
740 3429 860 3491 alterum
876 3428 911 3488 ad
929 3423 1108 3503 mitigandam
