2475 3775
113 210 115 215 .
135 148 195 213 152
238 163 269 211 c.
282 162 433 219 ausuum
450 161 644 240 casuque
659 159 741 208 vuuu
756 158 940 228 causarum
955 161 1025 208 uus.
1040 161 1074 209 v.

69 326 126 402 ν10
134 317 306 397 pependerit
333 317 387 376 sub
415 316 512 377 edicto
545 316 786 396 praefectorum}
819 315 875 375 Per
901 315 975 376 baec
1003 331 1039 375 ac
1063 313 1132 374 talia

103 403 382 461 “ruffina-aetatis
405 409 491 479 parte
515 409 677 476 mumulo,
703 399 952 478 ‘quiuquagesimo
976 415 1053 460 auno
1080 399 1130 458 im·

132 485 244 563 perium
259 484 338 563 cepit
352 484 532 563 quantumvis
544 483 668 544 mirabili
684 502 768 544 casu.⁴
799 483 945 552 Exclusus
964 484 1039 542 inter
1054 490 1131 544 cete·

130 586 182 628 ros
196 568 233 628 ab
253 567 474 628 insidiatoribus
488 567 555 645 ilai,
579 585 659 644 cum,
683 569 765 646 quasi
790 576 934 628 secretum
955 585 992 628 eo
1019 565 1130 627 deside·

130 660 228 729 rante,
262 651 374 712 turbam
406 651 627 729 submoverent,
655 653 684 710 iu
712 651 853 728 diaetam,
881 653 926 711 cui
953 669 1058 712 nomeu
1086 658 1151 712 ests

64 792 66 797 .
130 735 318 812 Hermaeum,
342 744 523 805 recesserat;
557 754 653 814 neque
678 735 766 796 multo
792 743 862 813 post
887 752 1003 798 ruptore
1033 733 1130 807 caedis

130 820 303 895 exterritus,
326 821 475 899 prorepsit
494 819 531 885 ad
551 819 688 880 solarium
708 819 868 898 proximum
893 820 1027 898 interque
1047 835 1129 896 prae·

130 911 210 963 tenta
240 903 353 962 foribus
377 903 444 964 uela
463 921 504 963 sc
532 902 649 966 abdidit.
691 901 838 965 balantem
865 902 1030 963 discurrens
1053 902 1130 962 forte

130 987 284 1064 gregarius
300 986 399 1064 miles,
417 986 623 1056 animaduersis
641 985 778 1066 pedibus,
808 985 944 1047 'estudid
966 983 1131 1063 sciscitandi
1225 1013 1227 1032 ι

130 1072 259 1150 quisnam
274 1078 368 1147 esset,
391 1070 545 1147 adgnovit,
566 1079 785 1150 extractumque
801 1079 830 1130 et
851 1063 1014 1150 praedatu
1029 1068 1164 1145 augeo

129 1172 185 1214 uua
206 1153 261 1214 sibi
286 1153 467 1215 adcidentem
488 1155 693 1233 imperatorem
713 1154 856 1215 salutavit.
899 1154 974 1214 llinc
999 1153 1034 1214 ad
1057 1151 1131 1212 alios

61 1302 65 1309 ,
130 1238 342 1298 commilitones
358 1238 523 1308 fluctuantis
543 1257 601 1299 nec
623 1240 776 1318 quicquam
791 1236 883 1298 adbuc
900 1254 985 1316 quam
996 1237 1131 1296 irenreu-

128 1324 166 1382 tls
181 1320 324 1400 perduxit.
367 1321 414 1383 Ab
429 1308 475 1383 bis
489 1322 614 1384 lecticae
628 1325 780 1403 impositus
801 1330 846 1398 et,
872 1323 938 1400 quia
953 1321 997 1381 sui
1011 1319 1131 1397 diffuge-

129 1415 209 1482 rant,
230 1408 359 1468 vicissim
380 1405 607 1467 succollantibus
629 1407 657 1466 in
679 1415 774 1467 castra
796 1405 908 1466 delatus
929 1414 976 1466 est
990 1406 1079 1466 tristis
1097 1421 1132 1464 ac

128 1489 273 1568 trepidus,
301 1492 456 1550 miseraute
475 1490 561 1551 obvia
575 1490 667 1550 turba
680 1491 761 1569 quasi
776 1489 812 1550 ad
834 1505 959 1569 poenam
978 1498 1131 1569 raperetur
1142 1508 1165 1550 u

129 1574 239 1631 insons.
281 1574 432 1653 Receptus
445 1575 519 1635 intra
536 1573 658 1651 vallum,
681 1575 757 1634 iuter
773 1573 913 1634 excubias
928 1573 1046 1634 militum
1066 1590 1132 1652 per·
1225 1609 1227 1618 ι

128 1648 274 1732 noctarii,
295 1657 442 1736 aliquanto
456 1659 567 1720 minore
583 1677 637 1737 spe
653 1675 737 1737 quarn
750 1656 863 1720 liducia.
907 1656 980 1720 Nam
996 1655 1133 1717 consules

130 1757 194 1798 cum
210 1747 312 1800 senatu
326 1750 358 1800 et
372 1742 541 1804 cohortibus
553 1742 675 1804 urbanis
686 1743 780 1802 lorum
795 1739 1027 1820 Capitoliumque
1045 1757 1132 1802 occu·
1187 1739 1189 1744 ’
1222 1755 1227 1810 l

129 1832 286 1903 paverant,
314 1828 453 1892 asserturi
480 1845 658 1890 communem
685 1826 862 1897 libertatem
902 1828 1072 1905 accitusque
1104 1829 1133 1882 et
1226 1841 1227 1873 l

128 1909 195 1987 ipse
209 1927 263 1988 per
279 1909 339 1971 ΤΗ.
355 1910 408 1971 PL.
423 1912 574 1974 incuriam
589 1912 626 1972 ad
643 1911 788 1974 suadenda
806 1928 881 1990 quae
896 1910 1078 1986 viderentur,
1100 1905 1166 1966 etto

36 2036 45 2050 s
128 2008 163 2051 se
176 1997 206 2051 et
221 1997 405 2055 necessitate
427 1998 525 2057 testem
540 1996 701 2075 respoudit.
746 1996 855 2057 Verum
875 2002 997 2073 postero
1016 1992 1082 2068 die,
1104 1998 1134 2051 et

129 2083 231 2147 senatu
245 2079 383 2153 segniore
400 2081 429 2138 in
444 2080 624 2158 exequendis
646 2078 795 2141 conatibus
813 2076 867 2157 p'er
884 2077 1009 2138 taedium
1024 2093 1063 2136 ac
1077 2074 1133 2135 dis·

129 2158 296 2217 sensionem
317 2161 433 2221 diversa
453 2166 644 2241 censentium,
661 2160 692 2230 ‚et
711 2162 889 2223 multitudiue
911 2180 985 2243 quae
1011 2160 1133 2221 circum·
1224 2172 1225 2240 l

129 2238 224 2299 stabat
245 2259 330 2301 unum
350 2253 496 2305 rectorem
510 2248 567 2307 lam
581 2256 611 2307 et
631 2248 797 2307 nominatim
819 2254 1016 2325 exposcente,
1030 2262 1133 2305 arma·
1223 2260 1224 2267 ¹

128 2332 176 2383 tos
191 2339 246 2402 pro
264 2328 402 2387 contione
416 2328 511 2389 iurare
522 2332 552 2389 in
566 2348 672 2391 nomen
693 2348 774 2391 suum
791 2347 895 2410 passus
917 2339 963 2390 est
986 2330 1168 2408 promisitas

129 2426 187 2487 que
210 2409 331 2485 siugulis
357 2412 443 2489 quina
469 2412 544 2473 dena
564 2414 713 2492 sestertia,
744 2416 853 2493 primus
868 2412 1026 2475 Caesarum
1047 2412 1134 2477 lidern
1222 2412 1224 2479 j

104 2518 106 2534 =
128 2492 227 2551 militis
241 2494 328 2554 etiam
341 2495 471 2574 praemio
484 2498 663 2575 pigneratus.

85 2577 120 2631 11
191 2574 318 2655 Imperio
338 2577 480 2658 stabilito,
508 2579 578 2641 nibil
596 2584 739 2662 antiquius
760 2584 839 2645 duxit
856 2601 941 2662 quam
956 2580 986 2640 id
1004 2578 1133 2654 biduum,

84 2701 86 2704 -
129 2659 240 2737 quo'de
257 2663 391 2724 mutando
405 2665 449 2724 rel
463 2683 494 2744 p.
510 2673 585 2725 statu
599 2665 771 2729 haesitatum
791 2678 867 2744 erat,
898 2666 1056 2727 memoriae
1071 2664 1133 2723 exi·

127 2760 217 2803 mere.
262 2745 392 2809 Omnium
413 2749 512 2827 itaque
530 2740 671 2812 factorum
691 2752 890 2830 dictorumque
905 2752 938 2831 ,in
961 2766 997 2809 eo
1018 2747 1168 2807 veniamtt

128 2832 159 2884 et
185 2826 362 2890 oblivionem
386 2833 416 2891 in
445 2841 616 2911 perpetuum
643 2837 736 2896 sanxit
764 2854 799 2897 ac
824 2835 983 2915 praestitit,
1010 2831 1135 2891 tribunis

127 2908 215 2968 modo
240 2929 277 2971 ac
299 2915 514 2977 centurionibus
534 2919 635 2996 paucis
650 2936 667 2978 e
689 2920 901 3001 coniuratorum
917 2920 946 2977 iu
962 2916 1064 2977 Gaium
1082 2932 1135 2973 nu·

127 3008 209 3051 mero
223 2994 422 3074 interemptis,
456 3001 583 3080 exempli
607 3001 690 3061 simul
707 3020 792 3063 eausa
810 3012 840 3061 et
861 3001 938 3081 quod
962 3018 1043 3061 suam
1060 3014 1135 3077 quo-

129 3092 187 3153 que
209 3076 328 3137 caedem
350 3079 564 3161 depoposcisse
584 3095 774 3162 cognouerat.
819 3085 988 3147 Conversus
1009 3083 1079 3143 hinc
1098 3080 1136 3141 ad

129 3158 375 3239 olllcla'pietatis,
398 3165 605 3248 iusiurandum
618 3186 714 3247 neque
730 3171 857 3230 sanctius
872 3169 927 3230 sibi
948 3184 1046 3247 neque
1068 3184 1134 3225 cre·
1145 3182 1170 3223 at

128 3241 208 3303 brius
227 3245 345 3305 instituit
372 3263 456 3324 quam
484 3268 538 3328 per
560 3251 730 3329 Augustum.
774 3253 868 3314 Aviae
896 3250 1136 3313 blandinium
1218 3284 1219 3340 q

128 3325 257 3388 bonores
286 3337 316 3387 et
340 3330 464 3389 circensi
493 3350 599 3414 pompa
629 3354 741 3396 currum
767 3332 813 3397 ele
855 3346 1004 3412 autorum,
1031 3334 1136 3409 Augu·

129 3412 205 3472 stium
220 3411 358 3491 similem,
374 3412 557 3478 decernenda
572 3420 697 3490 curarit;
719 3430 832 3499 parenti
853 3440 886 3481 us
901 3422 1021 3481 inferias
1036 3416 1136 3497 publi·

370 3645 373 3652 Ι
432 3592 547 3645 ὶιῗ,χ(
