2475 3775
469 191 572 240 uivus
590 190 717 240 1un1os
879 157 905 194 ¹·
1051 181 1093 244 29

96 349 208 407 Romae
224 353 287 402 cum
302 343 467 420 ingentibus·
485 347 567 406 minis
582 364 749 426 summoque
763 349 849 407 ctiam
861 347 951 406 urbis
960 348 1093 427 periculo

97 433 264 490 missionem
290 437 319 488 et
343 431 480 507 praemia
495 430 674 506 flagitantes,
704 431 832 494 ardente
847 440 915 490 tunc
939 432 968 489 in
992 430 1093 490 Africa

97 514 193 588 bello,
212 530 306 590 neque
332 512 411 571 adire
437 522 584 573 cunctatus
606 524 666 590 est,
693 532 860 594 quamquam
881 515 1093 574 deterrentibus

97 599 196 658 amicis
204 614 322 673 ,neque
339 595 496 665 dimittere;
514 597 566 657 sed
581 615 637 657 uua
651 616 742 675 voce,
758 617 814 678 qua
825 599 954 674 Quirites
969 615 1022 657 eos
1037 616 1093 696 pro

73 679 233 741 smilitibus
259 678 432 759 appellarat,
454 690 510 740 tam
535 681 624 741 facile
648 684 818 760 circumegit
844 691 873 741 et
898 683 994 758 flexit,
1014 691 1045 741 ut
1066 683 1094 741 ei

24 793 27 800 ⁴
96 765 202 826 milites
228 781 296 822 esse
318 762 469 824 confestim
490 765 693 844 responderint
712 777 741 828 et
764 768 891 854 quamvis
911 773 1094 826 recusantem

97 849 201 910 ultro
193 846 366 907 1nhfricam
386 849 442 907 sint
462 851 569 918 secuti;
589 867 625 910 ac
644 852 689 910 sic
710 868 825 929 quoque
844 831 1093 910 seditiosissimum

97 949 238 1015 quemque
254 941 290 990 et
300 930 424 1010 praedae
441 942 470 991 et
484 936 548 1010 agri
563 933 696 994 destinati
711 937 796 995 tertia
810 944 892 1014 parte
906 933 1044 994 multavit.

160 1015 288 1076 Studium
300 1024 329 1076 et
344 1015 419 1076 fides
428 1031 499 1093 erga
514 1017 628 1077 clientis
641 1037 678 1077 ne
693 1020 789 1078 iuvem
782 1018 917 1097 'quidem
930 1017 1091 1078 defuerunt
1100 1025 1133 1080 71

58 1125 86 1167 ιο
96 1099 266 1162 Masintham
286 1098 443 1159 nobilem
435 1118 582 1177 iuvenem,
603 1119 667 1161 cum
685 1102 823 1163 adversus
837 1102 1031 1201 Hiempsalem
1047 1120 1091 1162 re

95 1204 164 1263 gem
178 1193 235 1244 tam
249 1186 334 1243 enixe
350 1183 527 1244 defendisset
542 1195 579 1245 ut
585 1185 673 1246 lubae
688 1188 769 1264 regis
785 1186 868 1246 lilio
860 1206 889 1246 ιιι
903 1186 1093 1247 altercatione
1133 1261 1137 1264 ἢ

95 1268 213 1329 barbam
238 1267 390 1345 invaserit,
420 1269 635 1348 stipendiarium
664 1288 779 1349 quoquc
809 1271 1034 1350 pronuntiatum,
1064 1277 1095 1328 et

95 1351 326 1428 abstrahentibus
353 1354 446 1412 statim
470 1355 575 1432 eripuit
600 1355 813 1432 occultauitque
843 1354 918 1434 apud
941 1354 1042 1413 sedin
1064 1361 1094 1412 et

95 1454 179 1514 mox,
210 1455 248 1496 ex
272 1445 406 1535 praetura
430 1437 651 1516 proficiscens
643 1456 672 1496 ιιι
692 1438 871 1522 Hispaniam,
894 1439 969 1498 inter
995 1436 1092 1506 officia

59 1522 332 1602 ssprosequentium
346 1521 501 1598 fascesque
515 1521 647 1582 lictorum
662 1522 768 1582 lectica
782 1541 834 1582 sua
847 1523 954 1582 avexit.

158 1605 279 1664 Amicos
299 1613 376 1664 tanta
399 1623 516 1684 semper
534 1605 672 1668 facilitate
692 1606 926 1686 indulgentiaque
947 1607 1133 1681 tractatibus

94 1699 124 1750 ut
145 1688 216 1749 Gaio
239 1687 333 1767 Oppio
360 1690 505 1758 comitanti
526 1707 559 1750 se
583 1709 637 1770 per
659 1690 795 1750 silvestre
815 1692 872 1751 iter
895 1699 1091 1770 correptoque

94 1772 189 1834 subita
205 1772 361 1832 valitudine
380 1765 583 1833 deversoriolo
601 1791 654 1850 eo,
674 1773 751 1851 quod
766 1793 851 1833 unum
867 1783 947 1850 erat,
969 1776 1110 1834 cesserit·

95 1867 124 1919 et
139 1855 294 1937 ipse-humi
311 1875 345 1917 ac
359 1856 411 1916 sub
426 1855 493 1917 divo
510 1857 650 1919 cubuerit.
687 1857 746 1918 lam
765 1854 859 1918 aut'enr
875 1876 972 1919 rerum
986 1865 1091 1936 potens

56 1969 84 2008 ιο
96 1941 235 2021 quosdam
258 1942 342 2001 etiam
363 1941 450 2001 infimi
473 1944 590 2019 generis
611 1942 647 2003 ad
663 1942 856 2021 amplissimos
875 1940 1004 2001 honores
1022 1959 1090 2020 pro·
1177 1967 1181 1970 ¹

94 2028 195 2101 vexit,
206 2044 268 2084 cum
286 2024 328 2085 ob
344 2024 371 2084 id
387 2025 565 2123 culparetur,
588 2025 740 2106 professus
753 2025 861 2105 palam,
883 2026 913 2085 si
927 2030 1089 2104 prostatu-

93 2128 163 2170 ιιιιιι
178 2116 207 2169 et
220 2109 406 2169 sicariorum
422 2127 480 2187 ope
496 2110 529 2170 ιἰι
545 2109 659 2171 mondo
672 2127 733 2170 sao
746 2110 896 2189 dipsitcte
909 2126 985 2170 acus
1000 2115 1090 2184 essct,

94 2188 212 2255 totitas
226 2211 344 2273 quoque
362 2211 397 2254 se
410 2212 521 2272 parem
535 2196 671 2273 prolium
685 2195 864 2255 relatarum.

160 2276 323 2337 Simultates
340 2287 407 2340 cont
408 2296 439 2337 ra
395 2279 545 2340 tnollas
565 2288 622 2339 tam
640 2297 748 2356 graves
763 2280 882 2358 excepit
901 2296 1037 2357 unquam,
1061 2285 1134 2341 utta

58 2368 154 2421 aenon
175 2362 331 2421 occasione
354 2360 450 2421 oblata
464 2362 558 2423 libens
579 2362 750 2443 deponeret.
778 2363 846 2424 dat
859 2363 996 2440 Memmi,
1011 2362 1092 2421 cuius

95 2445 263 2524 asperrimis
286 2444 463 2507 orationibus
487 2464 544 2506 non
563 2448 675 2506 minore
700 2446 860 2507 acerbitate
887 2448 1091 2525 rescripserat,

95 2532 183 2589 etiam
207 2528 382 2605 suffragator
406 2547 475 2589 mox
500 2531 528 2589 in
554 2533 694 2610 petitione
721 2531 888 2591 consulatus
913 2531 975 2589 fuit.
1020 2529 1090 2588 Gaio

4 2622 6 2625 ’
96 2612 189 2674 Calvo
205 2621 272 2691 post
287 2612 396 2674 famosa
412 2615 617 2692 epigrammata
637 2615 674 2674 de
694 2614 934 2674 reconciliatione
954 2629 1008 2691 per
1024 2612 1090 2671 ami·

96 2715 150 2757 cos
163 2699 260 2775 ageqti
274 2696 350 2772 pltro
365 2715 400 2757 ac
414 2698 495 2776 prior
511 2700 638 2776 scripsit.
665 2698 813 2758 Valerium
829 2695 985 2771 catullum,
1001 2713 1018 2755 a
1034 2713 1091 2775 quo

60 2781 153 2841 sosibi
173 2782 326 2841 versiculis
348 2781 383 2841 de
404 2780 544 2841 Mamurra
564 2789 705 2861 perpetua
726 2782 1013 2859 stigmataimposita
1033 2798 1091 2839 non

95 2863 339 2941 dissimulaverat,
362 2865 607 2925 satisfacientem
633 2863 735 2924 eadem
760 2864 807 2925 die
832 2863 958 2925 adhibuit
983 2882 1090 2926 caenae

94 2950 282 3028 hospitioque
307 2952 397 3028 patris
420 2950 498 3025 eius,
520 2950 595 3009 sicut
621 2956 791 3026 consuerat,
816 2950 855 3008 uti
880 2950 1091 3028 perseveravit.

95 3030 205 3105 Sedet
232 3034 260 3092 in
284 3032 453 3093 ulciscendo
477 3042 576 3093 natura
598 3032 777 3107 lenissimus,
801 3034 926 3112 piratas,
950 3052 967 3093 a
989 3034 1134 3113 quibus74

96 3126 198 3197 captus
212 3121 272 3192 est,
294 3135 357 3177 cum
376 3120 404 3177 iu
419 3116 563 3177 dicionem
578 3116 758 3193 redegisset,
777 3119 909 3196 quoniam
924 3118 1091 3184 suffixurum
1126 3175 1131 3183 ,

60 3215 128 3260 csse
152 3203 313 3261 cruciante
334 3204 491 3277 iuraverat,
512 3202 634 3279 iugulari
649 3202 728 3280 prius
746 3202 842 3279 iussit,
860 3201 963 3264 deinde
978 3201 1090 3278 sufligi;

96 3282 237 3346 Cornelio
251 3284 406 3363 Phagitae,
428 3287 507 3345 cuius
528 3286 845 3365 quondamnocturnas
864 3285 981 3364 insidias
1000 3301 1101 3361 aeger·

94 3388 130 3431 ac
144 3369 255 3445 latens,
271 3388 307 3428 ue
323 3370 530 3449 perduceretur
545 3370 580 3429 ad
595 3369 716 3444 Sullam,
732 3372 782 3429 vix
797 3370 926 3448 praemio
941 3367 1008 3427 dato
1023 3384 1089 3425 eva-

93 3464 192 3531 serat,
208 3468 362 3532 numquam
383 3471 492 3513 nooerc
514 3455 660 3524 sustinuit;
683 3453 879 3514 Philemonem
895 3470 912 3513 a
926 3468 1009 3509 mauu
1028 3466 1088 3507 ser·
