2475 3775
175 2427 241 2479 21

257 161 389 226 178=
485 173 543 225 c.
579 174 747 222 suar
851 5 1300 333 ι.
1392 170 1480 214 ‘m
1509 145 1874 216 cassanum
1898 167 2153 241 LIB.V1.

256 329 863 406 tinnis-post2-fflenam
1021 326 1050 366 7
1304 327 1476 383 ultam
1507 331 1735 382 noctem
1777 322 2067 398 assidens,
2107 339 2239 400 pau·

254 414 410 479 latim
436 420 493 471 et
523 412 651 489 ipse
683 411 939 471 ineditari
983 411 1360 487 exercerique
1396 408 1612 484 coepit,
1634 423 1826 484 neque
1859 421 2058 466 eorum
2089 407 2237 484 quic-

258 515 423 578 quam
466 496 727 554 omittere
748 538 767 569 ,
812 511 960 572 quae
1006 493 1243 571 generis
1267 491 1393 550 eius·
1412 491 1668 551 artifices
1689 489 1784 550 vel
1809 491 2239 550 conservandae
2430 537 2444 569 ,

256 581 422 641 vocis
457 597 629 638 causa
662 577 760 639 vel
789 576 1089 654 augendae
1120 576 1472 644 factitat-enh
1511 573 1618 633 sed
1646 582 1704 634 et
1732 574 2057 654 plumbeam
2083 575 2235 634 char-

256 676 368 726 tam
406 665 643 742 supinus
690 671 933 740 pectore
974 661 1290 736 sustinere,
1334 668 1391 719 et
1435 658 1693 733 clystere
1732 659 2067 736 vomituque
2113 673 2283 735 pur-5

258 749 415 826 gari,
464 755 521 807 et
550 745 840 806 abstinere
875 745 1058 824 pomis
1091 743 1352 821 cibisque
1398 741 1815 815 officientibus;
1859 741 2046 803 donec
2087 742 2236 802 blan·

259 833 449 893 diente
481 830 747 908 profectu
780 832 1153 907 (quamquam
1185 830 1432 905 exiguae
1464 827 1629 886 vocis
1651 835 1711 886 et
1737 827 1973 904 fuscae)
2009 825 2238 906 prodire

256 918 313 976 in
344 930 576 975 scenam
610 914 924 992 concupiit,
968 910 1209 972 subinde
1250 913 1400 971 inter
1438 910 1749 971 familiares
1780 911 2064 972 Graecum
2110 927 2237 989 pro·

242 998 517 1073 xverbium
545 999 785 1072 iactans,
801 996 1097 1073 ,occultae
1125 997 1404 1056 musicae
1435 995 1668 1056 nullum
1699 1012 1836 1055 esse
1880 1001 2237 1074 respectum.

257 1083 333 1150 Et
361 1081 553 1162 prodit
579 1079 827 1159 Neapoli
858 1083 1127 1158 primum,
1174 1097 1245 1140 ac
1283 1098 1358 1139 ne
1400 1096 1689 1142 concusso
1734 1079 1965 1158 quidem'
1997 1087 2304 1158 repentem
2434 1054 2444 1172 l

257 1175 409 1225 motu
438 1173 629 1224 terrae
662 1163 1042 1224 theatro'ante
1071 1172 1309 1225 ’cantare
1341 1163 1570 1242 destitit,
1601 1181 1768 1242 quam
1795 1163 2121 1233 inchoatum
2148 1161 2238 1222 ab·

259 1249 517 1325 solveret
558 1244 786 1307 nomon.
860 1247 1079 1324 Ibidem
1118 1249 1353 1328 saepius
1397 1257 1455 1307 et
1497 1248 1969 1327 percomplures
1999 1248 2242 1308 cantavit

259 1334 412 1402 dies;
445 1341 674 1411 sumpto
702 1333 872 1392 etiam
904 1333 974 1392 ad
1014 1332 1384 1394 reficiendam
1400 1349 1618 1392 vocem
1641 1331 1804 1392 brevi
1821 1343 2113 1410 tempore,
2145 1332 2238 1390 im-

258 1419 481 1497 patiens
521 1418 734 1477 secreti
778 1435 809 1476 a
852 1416 1094 1479 balineis
1130 1419 1185 1478 in
1219 1417 1502 1477 theatrum
1547 1418 1800 1493 transiit,
1846 1416 2149 1494 mediaque
2189 1416 2242 1473 in

260 1500 560 1561 orchestra
586 1501 889 1579 frequente
922 1500 1143 1580 populo
1175 1501 1461 1581 epulatus,
1494 1501 1554 1561 si
1569 1501 1829 1580 paulum
1851 1499 2242 1575 subbibisset,
2263 1515 2309 1554 15

209 1616 223 1623 «
260 1583 498 1664 aliquid
549 1601 617 1644 se
657 1581 898 1664 sufferti
940 1585 1293 1646 tinniturum
1347 1585 1574 1646 Graeco
1603 1594 1607 1599 ‘
1635 1595 1930 1647 sermone
1961 1585 2241 1664 promisit.

261 1666 475 1747 Captus
523 1676 709 1728 autem
751 1667 1057 1728 modulatis
1098 1668 1620 1730 Alexandrinorum
1661 1668 2103 1745 laudationibus,
2151 1669 2246 1746 qui

258 1751 332 1812 de
376 1769 530 1811 novo
575 1749 893 1812 commeatu
925 1751 1233 1832 Neapolim
1277 1754 1703 1830 confluxerant,
1752 1753 1952 1833 plures
1990 1748 2244 1813 Alexan-

259 1836 381 1898 dria
410 1837 695 1897 evocavit.
793 1836 1001 1916 Neque
1041 1855 1116 1897 eo
1160 1839 1400 1915 segnius
1449 1837 1917 1899 adulescentulos
1959 1837 2248 1917 equestris

259 1922 488 1982 ordinis-
504 1930 564 1981 et
594 1924 845 2000 quinque
878 1923 1119 2002 amplius
1150 1923 1303 1984 milia
1329 1942 1362 1982 e
1387 1922 1562 2003 plebe
1590 1923 2026 1984 robustissimae
2050 1916 2245 1983 iuven·
2264 1936 2317 1977 2⁰

257 2006 389 2065 tutis
417 2005 664 2082 undique
698 2006 896 2083 elegit,
931 2008 1026 2085 qui
1057 2007 1223 2066 divisi
1256 2008 1311 2066 in
1341 2007 1659 2085 factiones,
1694 2007 1995 2087 plausuum
2023 2023 2249 2083 genera

262 2088 665 2158 condiscerent
704 2088 982 2167 (bombos
1023 2100 1081 2149 et
1117 2090 1388 2151 imbrices
1429 2101 1488 2151 et
1528 2100 1710 2152 testas
1748 2090 2070 2169 vocabant)
2104 2108 2247 2169 ope-

259 2187 494 2248 ramque
530 2181 809 2230 navarent
842 2176 1089 2233 cantanti
1122 2175 1251 2251 sibi,
1288 2175 1548 2252 insignes
1577 2176 1950 2254 pinguissima
1993 2191 2159 2235 coma
2188 2184 2253 2234 et

260 2252 750 2313 excellentissimo
782 2254 981 2314 cultu*
1027 2260 1223 2334 pueris
1257 2276 1328 2318 ac
1356 2261 1483 2318 sine
1521 2260 1693 2320 anulo
1737 2260 1963 2337 laeviis,
2005 2275 2249 2337 quorum

260 2336 438 2396 duces
470 2334 860 2414 quadringena
891 2339 1043 2399 milia
1075 2344 1345 2401 sestertia
1371 2344 1687 2404 merebant.
2269 2356 2322 2395 2⁵

385 2417 526 2480 Cum
554 2422 747 2498 magni
776 2424 1102 2483 aestimaret
1134 2433 1366 2485 cantare
1409 2428 1578 2487 etiam
1614 2428 1865 2508 Romae,
1911 2427 2252 2489 Neroneum
2351 2417 2371 2430 '

258 2523 447 2583 agona
503 2513 633 2564 ante
702 2508 1095 2584 praestitutam
1137 2507 1296 2569 'diem
1353 2513 1683 2589 revocavit,
1739 2511 2252 2592 flagitantibusque

260 2590 478 2650 cunctis
508 2590 822 2650 caelestem
860 2608 1065 2652 vocem
1092 2593 1397 2672 respondit
1425 2594 1651 2674 quidem
1687 2596 1754 2656 in
1788 2596 1987 2657 hortis
2036 2616 2100 2657 se
2149 2613 2248 2655 co·

260 2674 411 2748 piam
436 2674 765 2735 volentibus
792 2675 1105 2753 facturum,
1139 2678 1244 2738 sed
1268 2678 1576 2740 *adiuvante
1618 2680 1777 2757 vulgi
1819 2698 2030 2759 preces
2075 2682 2250 2740 etiam

258 2756 502 2813 statione
532 2758 788 2837 militum,
822 2778 969 2839 quae
999 2770 1134 2821 tunc
1158 2762 1502 2839 excubabat,
1535 2771 2152 2841 repraesentaturum
2182 2779 2250 2824 se
2270 2777 2320 2819 3⁰

260 2834 551 2912 pollicitus
582 2851 673 2899 est
700 2842 916 2914 libens;
961 2862 1032 2904 ac
1062 2847 1188 2906 sine
1220 2864 1383 2907 mora
1408 2864 1618 2907 nomen
1649 2841 1808 2907 suum
1839 2851 1894 2912 in
1931 2848 2066 2910 albo
2111 2865 2251 2927 pro-

259 2917 531 2977 fitentium
562 2923 1021 2988 citharoedorum
1050 2932 1215 2990 iussit
1244 2930 1486 3008 ascribi,
1519 2933 1913 3011 sorticulaque
1946 2934 2002 2994 in
2048 2947 2255 2993 urnam

260 3018 387 3060 cum
418 3004 629 3062 ceteris
652 3004 915 3097 demissa,
945 3014 1178 3090 intravit
1193 3015 1394 3075 ordine
1418 3033 1540 3093 suo,
1575 3016 1738 3077 simul
1763 3018 2054 3097 praefecti
2076 3034 2252 3097 prae-

257 3085 389 3143 torii
420 3084 692 3147 citharam
722 3097 1091 3173 sustinenteS,
1126 3107 1261 3175 post
1289 3098 1497 3158 tribuni
1525 3097 1783 3178 militum,
1808 3102 2082 3181 iuxtaque
2109 3102 2250 3163 ami·

258 3184 453 3227 corum
483 3170 677 3229 intimi.
737 3175 927 3254 thue
963 3184 1239 3258 constitit,
1272 3192 1511 3260 peracto
1542 3186 1848 3265 principio,
1881 3182 2155 3246 Niobam
2184 3198 2322 3245 ³03⁵

256 3258 647 3313 cantaturum
675 3274 781 3333 per
813 3257 1073 3323 Cluvium
1099 3265 1311 3325 Rufum
1343 3269 1704 3331 consularem
1751 3271 2149 3348 pronuntiavit
2193 3278 2256 3328 et

159 3417 165 3423 ι
255 3336 313 3394 ἰιι
353 3335 553 3397 boram
595 3337 722 3397 fere
765 3339 1040 3404 decimam
1086 3354 1520 3429 perseveravit,
1577 3369 1968 3433 coronamque
2010 3372 2143 3415 eam
2195 3362 2258 3413 et

255 3419 535 3499 reliquam
564 3424 887 3483 certaminis
918 3432 1222 3505 partemin
1263 3450 1464 3494 annum
1503 3446 1840 3515 sequentem
1888 3438 2146 3517 distulit,
2191 3447 2257 3497 ut
