2475 3775
143 161 182 226 18
213 171 255 241 .⁰·
271 169 421 222 suuuoru
438 169 930 230 uanuc.-cuv1nsesussnuu
943 169 1013 246 rus.
1029 171 1054 219 1.

142 327 285 410 equitibus
298 327 366 388 hinc
387 335 416 386 et
431 325 496 387 iude
512 325 684 386 commissis.
719 323 793 385 Nam
809 341 867 404 quo
880 324 974 386 laxius
989 319 1141 392 dimicare·

140 423 203 492 tur,
222 411 354 474 sublatae
370 418 463 472 metae
480 410 567 488 inque
582 427 680 470 earum
693 408 790 469 locum
804 408 871 468 bina
886 408 1137 469 casnacradver
1159 413 1162 424 '

141 517 203 559 sum
225 498 378 557 constituta
401 503 496 555 eraut.
534 493 689 568 Athletae,
712 493 804 554 stadio
821 492 859 553 ad
878 503 991 573 tempus
1007 501 1139 573 extructo
1228 484 1232 499 '

140 583 263 660 regione
277 579 361 640 Marti
377 578 485 656 campi,
501 579 686 638 certaverunt
702 588 756 656 per
773 578 905 637 triduum.
934 577 1037 638 Navali
1053 593 1138 656 proc-

140 667 190 743 lio,
205 666 234 725 in
252 666 362 725 minore
379 659 491 722 (lodeta
509 662 629 721 defosso
645 661 711 723 lacu
726 661 852 722 biremes
871 679 908 721 ac
921 664 1055 722 triremes
1069 676 1161 739 qua-e

118 815 119 822 χ
141 751 339 826 driremesque
354 746 461 822 Tyriae
482 755 511 806 et
527 745 694 824 Aegyptiae
710 746 814 818 classis
827 764 933 824 magno
948 754 1139 827 pugnatorum

140 850 261 894 numero
276 830 475 892 condixerunt.
517 829 565 889 nd
580 840 655 908 quae
671 833 766 890 omnia
780 828 949 909 spectacula
963 838 1070 890 tantum
1088 847 1138 888 uu·

43 906 47 918 ’
142 918 227 996 dique
244 915 380 976 ooniluxit
393 914 553 990 hominum,
567 922 597 972 ut
612 914 746 994 plerique
761 914 891 975 advenae
905 923 953 975 aut
968 916 1042 973 inter
1054 914 1139 972 viem
1230 958 1232 1002 Ι

142 1003 280 1062 autinter
301 1001 365 1060 vias
381 998 576 1058 tabernaculis
596 999 701 1077 positis
719 1007 882 1068 manerent,
905 1017 941 1059 ac
962 1015 1053 1076 saepe
1068 1015 1139 1076 prae
1227 1006 1232 1063 t

22 1145 25 1152 ,
142 1084 224 1147 turba
241 1084 305 1142 elisi
320 1083 531 1160 exanimatique
554 1082 610 1142 siut
627 1082 741 1160 plurimi
755 1091 784 1142 et
800 1084 829 1142 iu
842 1081 888 1143 his
904 1083 960 1142 duo
976 1090 1138 1142 senatores.
1147 1099 1177 1141 ac

100 1182 135 1235 40
186 1221 188 1226 s
207 1165 375 1227 Conversus
389 1166 456 1226 binc
467 1165 503 1226 ad
516 1165 702 1226 ordinandum
714 1166 906 1246 reipublicae
921 1176 1034 1242 statum,
1047 1166 1139 1225 fastos

147 1251 292 1328 correxit,
310 1249 492 1329 iampridem
506 1251 576 1310 vitio
592 1251 759 1328 pontificum
778 1268 832 1331 per
847 1249 1034 1310 intercalandi
1050 1250 1139 1309 licen·

142 1338 209 1397 tiam
225 1334 300 1395 adco
321 1333 469 1411 turbatos,
489 1345 520 1394 ut
539 1352 636 1412 neque
652 1335 789 1394 messium
806 1335 898 1394 leriae
918 1343 1030 1394 aestate
1044 1350 1141 1411 neque

141 1418 346 1480 vindemiarum
361 1427 493 1478 autumno
513 1427 722 1497 competerent;
737 1436 899 1497 anuumque
915 1417 952 1478 ad
968 1435 1081 1478 cursum
1091 1433 1140 1476 so·

142 1504 178 1564 lis
191 1502 436 1579 accommodavit,
460 1511 489 1562 ut
505 1511 701 1562 trecentorum
723 1505 875 1580 sexaginta
890 1503 1016 1580 quinque
1031 1497 1179 1565 diernmra

104 1630 105 1633 ,
144 1594 232 1663 esset,
248 1595 277 1646 et
292 1585 476 1646 intercalario
491 1604 590 1646 mense
605 1585 721 1646 sublato
739 1605 812 1646 uuus
826 1584 889 1646 dies
905 1594 1007 1664 quarto
1023 1602 1141 1664 quoquc

144 1687 218 1749 auno
240 1668 470 1731 intercalaretur.
503 1671 571 1746 Quo
592 1679 686 1730 autem
705 1671 799 1747 magis
818 1671 1013 1749 inposterum
1033 1687 1072 1728 ex
1084 1668 1141 1728 Ka-

143 1752 237 1814 lendis
251 1752 392 1814 Ianuariis
408 1755 493 1814 novis
509 1764 672 1833 temporum
686 1757 761 1814 ratio
780 1757 973 1831 congrueret,
993 1755 1069 1812 iuter
1081 1752 1141 1812 No·
1227 1821 1232 1839 ε

142 1836 290 1899 rembrem
309 1855 347 1925 pc
360 1837 552 1899 Decembrem
566 1856 694 1899 mensem
711 1838 856 1901 interiecit
875 1838 950 1899 duos
964 1837 1052 1899 alios:
1076 1836 1142 1896 iuit·
1230 1899 1231 1902 ,

55 1922 88 1985 ,⁴
144 1923 241 2001 queis
257 1940 363 2007 annus,
380 1940 438 2001 quo
454 1924 529 1985 haec
545 1921 805 2000 constituebantur,
824 1922 987 2001 quindecim
1002 1921 1183 1983 mensiumco
1230 1943 1231 1986 t

146 2025 209 2067 cum
226 2007 432 2084 intercalario,
456 2010 504 2086 qui
519 2026 557 2067 ex
572 2007 781 2067 consuetudine
792 2008 821 2065 in
836 2024 900 2067 oum
916 2024 1019 2083 aunum
1033 1999 1142 2064 incide·

101 2104 134 2158 41
145 2098 199 2149 rat.
232 2090 367 2168 Seruatum
384 2091 545 2169 supplevit,
572 2092 711 2168 patricios
733 2091 859 2167 adlegit,
882 2098 1047 2170 praetorum
1064 2087 1143 2149 acdi-

144 2173 213 2232 lium
239 2181 438 2249 quaestorum,
473 2175 613 2233 minorum
647 2174 732 2233 etiam
745 2175 970 2251 ‘magistratuum
995 2189 1144 2233 numerum

97 2283 100 2293 ·
146 2253 306 2332 ampliavit;
328 2255 451 2315 nudatos
471 2273 563 2335 opere
584 2258 719 2318 censorio
736 2267 785 2319 aut
804 2259 946 2317 sententia
958 2257 1082 2317 iudicum
1102 2254 1142 2315 de

146 2336 252 2398 ambitu
268 2336 478 2399 condemnatos
497 2341 629 2423 restituit.
656 2338 777 2401 Comitia
800 2360 864 2401 oum
884 2340 995 2420 populo
1010 2341 1185 2421 ,pertinaces

145 2430 191 2481 eat
205 2429 252 2497 ut,
271 2424 403 2500 exceptis
415 2424 581 2484 consulatus
594 2426 839 2503 conpetitoribus,
855 2425 892 2485 de
907 2434 1006 2505 cetero
1021 2440 1145 2484 numero
1230 2497 1231 2502 γ

146 2504 360 2579 candidatorum
377 2524 431 2585 pro
449 2516 531 2586 parte
548 2507 660 2568 dimidia
681 2525 756 2586 quos
770 2510 897 2589 populus
910 2508 1002 2569 vellet
1017 2526 1145 2588 pronun·
1230 2521 1232 2569 t

143 2592 299 2667 darentur,
321 2607 374 2670 pro
397 2600 481 2670 parte
502 2590 594 2653 altera
614 2609 689 2670 quos
708 2594 774 2672 ipse
796 2593 943 2653 edidisset.
979 2592 1017 2653 Et
1037 2591 1148 2652 edebat

144 2692 198 2751 per
213 2673 330 2735 libellos
347 2676 454 2737 circum
475 2674 579 2737 tribum
598 2678 705 2737 missos
725 2678 869 2755 scriptura
886 2676 987 2737 brevi:
1019 2675 1148 2737 Goeour

128 2755 279 2839 ‹dictctor
302 2758 351 2820 itti
370 2760 473 2821 tribui.
512 2758 696 2822 Commendo
716 2761 806 2822 codic
826 2762 913 2821 illam
931 2767 962 2820 ct
985 2761 1087 2837 illum,
1112 2766 1186 2819 ctat

143 2844 248 2900 oestro
262 2839 413 2921 caffropc'o
427 2860 517 2905 eoum
533 2844 711 2923 dipnitctcm
730 2850 860 2905 teneant.
885 2843 1013 2905 vAdmisit
1033 2845 1070 2905 ad
1091 2844 1149 2903 bo

145 2938 236 2981 nores
252 2932 281 2982 et
295 2928 526 3004 proscriptorum
541 2928 662 2989 liberos.
698 2927 806 2989 Iudicia
824 2929 860 2989 ed
875 2928 932 2989 duo
947 2945 1058 3006 genera
1073 2928 1150 2987 indi·
1176 2931 1180 2938 ’

146 3022 210 3065 oum
219 3006 349 3084 redegit,
362 3012 505 3087 equestris
522 3012 631 3072 ordinis
640 3029 679 3073 ac
689 3013 827 3073 senatorii
834 3036 843 3084 ;
856 3012 987 3073 tribunos
999 3014 1149 3091 aerarios,

146 3086 223 3167 quod
238 3098 301 3150 erat
315 3092 442 3170 tertium,
458 3096 580 3155 sustulit.
1078 3136 1080 3138 >

208 3174 373 3234 Recensum
391 3178 492 3255 populi
506 3195 562 3239 nec
579 3196 662 3239 more
674 3196 732 3239 nec
745 3180 815 3242 loco
831 3181 938 3259 sclito,
959 3180 1013 3241 sed
1026 3181 1152 3241 vicatim
1163 3196 1190 3239 aa

146 3273 201 3336 per
221 3256 354 3319 dominos
376 3259 531 3323 insulamm
552 3265 625 3339 egit,
647 3272 735 3342 atque
755 3282 794 3324 ex
817 3266 919 3343 viginti
943 3265 1154 3343 trecentisque

145 3340 258 3401 milibus
281 3345 483 3422 accipientium
503 3345 673 3405 frumentum
693 3365 710 3407 e
731 3348 851 3428 publico
873 3348 910 3409 ad
932 3358 1045 3409 centum
1059 3350 1153 3427 quin-

148 3427 284 3505 quaginta
306 3428 442 3501 retraxit3
466 3445 502 3489 ac
517 3446 555 3489 ue
576 3430 626 3509 qui
638 3432 711 3493 nord
729 3442 834 3495 coetus
851 3433 1034 3495 recensionis
1054 3451 1155 3494 causa
