2475 3775
470 147 574 226 omns
595 175 720 226 sumus.
762 174 766 180 ·
1076 170 1095 228 ι

101 331 221 396 Cimbris
236 341 322 412 atque
334 331 486 431 Teutonis,
499 331 567 392 olim
582 331 698 393 aSulla
701 331 838 409 disiecta,
849 334 972 394 restituit
983 302 1095 416 ,atque

99 423 127 480 in
146 417 312 478 exercenda
328 416 365 476 de
386 417 487 478 sicaris
510 417 680 495 quaestione
707 434 762 477 eos
788 433 904 515 quoque
927 420 1095 480 sicariorum

8 497 9 502 ’
97 517 216 564 nurnero
232 500 347 579 babuit,
369 501 418 580 qui
436 500 651 579 proscriptione
669 500 707 562 ob
728 500 821 572 relata
837 501 940 562 civium
950 503 1093 564 Romano·
1191 532 1193 535 ·

97 605 158 647 rum
174 586 270 666 capita
292 586 431 665 pecunias
451 602 489 644 ex
505 585 619 646 aerario
643 594 833 664 acceperant,
856 602 1026 684 quamquam
1043 605 1093 651 ex·
1156 634 1159 639 ,

72 663 202 750 seeptos
212 669 351 730 Cornelis
370 667 496 746 legibus.
529 667 703 729 Subornavit
721 671 807 730 etiam
822 670 880 747 qui
886 668 957 730 Gaio
972 670 1091 732 Rabirio
1104 687 1137 738 ιι

98 753 304 834 perduellionis
326 754 401 814 dem
422 753 548 829 diceret,
571 769 629 832 quo
647 754 810 832 praecipuo
834 753 965 814 adiutore
985 755 1095 833 aliquot

76 889 81 895 .
97 846 162 899 ante
176 854 268 898 annos
279 838 347 897 Luci
362 837 504 898 Saturnini
516 835 684 912 seditiosum
695 837 868 898 tribunatum
876 839 998 898 ‘senatus
1010 856 1094 899 coer·

8 921 9 924 ’
99 931 214 998 cuerat,
230 939 265 982 ac
281 931 360 982 sorte
374 921 461 982 iudex
474 922 504 980 in
515 939 596 980 reum
609 920 713 982 duetus
726 930 783 981 tam
799 922 904 1000 cupide
923 923 1094 984 condemna·

97 1007 151 1084 vit,
167 1013 198 1065 ut
212 1005 248 1064 ad
263 1005 400 1085 populum
413 1006 587 1086 provocanti
606 1005 677 1065 nibil
698 1021 793 1084 aeque
809 1014 844 1066 ac
865 1005 967 1067 iudicis
982 1007 1093 1068 acerbi·

63 1104 88 1144 ιο
99 1099 144 1150 ιιι
158 1089 308 1169 profuerit.
330 1088 472 1168 Deposita
487 1089 656 1168 prouinciae
670 1108 724 1169 spe
735 1088 1094 1190 pontificatummaximum
1104 1102 1137 1155 13
1202 1105 1205 1109 ’

8 1231 10 1238 .
97 1175 185 1255 petit,
203 1190 261 1233 non
270 1175 336 1234 sine
349 1173 551 1274 profusissima
567 1173 737 1251 largitione;
761 1175 790 1233 in
808 1192 864 1274 qua
883 1168 1023 1254 reputans
1037 1194 1094 1236 ma·
1194 1247 1198 1254 ,

95 1257 272 1337 gnitndinem
296 1261 371 1319 aeris
389 1257 489 1336 alieni,
512 1275 576 1318 cum
595 1275 679 1318 mane
700 1256 736 1318 ad
755 1260 869 1319 comitia
891 1259 1094 1336 descenderet,

97 1341 278 1422 praedixisse
293 1343 376 1402 matri
391 1341 532 1405 osculanti
542 1341 650 1418 lertur,
665 1341 787 1415 domum
800 1360 835 1403 ee
847 1343 908 1404 aaa
903 1344 1096 1422 pontificem
1120 1374 1124 1380 ’
1165 1350 1171 1356 ’

95 1443 157 1487 raon
170 1443 376 1487 reverterunt.
402 1425 499 1506 Atque
516 1426 555 1487 ita
566 1427 784 1505 potentissimos
799 1426 872 1487 duos
887 1430 1095 1506 competitores

8 1579 9 1584 γ
62 1522 87 1564 ιι
96 1509 270 1588 multumque
288 1518 317 1570 et
333 1518 428 1570 aetate
450 1518 479 1570 et
500 1509 639 1586 dignitate
654 1510 860 1572 antecedentes
879 1512 1043 1591 superavit,
1065 1521 1096 1572 ut

96 1594 179 1673 plura
195 1595 260 1672 ipse
281 1595 310 1653 in
330 1611 429 1654 eorum
444 1593 575 1655 tribubus
590 1594 728 1673 suffragia
749 1613 834 1674 quam
848 1605 970 1675 uterque
986 1597 1016 1656 in
1034 1613 1093 1657 om·

94 1676 178 1737 nibus
192 1677 298 1738 tulerit.

157 1761 278 1825 Praetor
300 1770 430 1840 creatus,
457 1761 572 1823 detecta
593 1763 793 1824 coniuratione
815 1763 956 1826 Catilinae
977 1774 1138 1836 senatu-14

96 1863 151 1925 que
173 1845 308 1907 universo
329 1847 358 1906 in
379 1845 477 1909 socios
498 1845 637 1908 facinoris
656 1847 780 1908 nltimam
798 1856 941 1909 statuente
958 1865 1093 1929 poenam,

60 1946 86 1987 eo
96 1930 178 1991 solus
193 1931 387 2010 municipatim
406 1930 576 1992 dividendos
588 1932 854 2011 custodiendosque
870 1932 1024 2012 publicatis
1041 1933 1093 1992 bo·

94 2016 139 2075 nis
157 2016 278 2075 censuit.
309 2014 384 2091 Quin
398 2024 427 2075 et
443 2023 549 2077 tanturn
565 2024 671 2076 metum
686 2016 785 2077 iniecit
807 2018 958 2096 asperiora
972 2017 1094 2078 suaden-

94 2098 188 2177 tibus,
214 2098 368 2160 identidem
388 2108 537 2161 ostentans
558 2109 662 2180 quanta
677 2117 731 2161 eos
752 2102 946 2180 inposterum
966 2119 983 2161 a
1005 2100 1094 2181 plebe

92 2184 225 2265 Romana
249 2183 378 2244 maneret
393 2184 512 2262 invidia,
529 2194 560 2245 ιιι
573 2184 722 2246 Decimum
736 2184 864 2246 Silanum
883 2184 1093 2262 consulemlde·

94 2266 239 2345 signatum
265 2285 323 2327 non
343 2268 472 2347 piguerit
492 2270 662 2330 sententiam
682 2285 780 2346 suam,
803 2271 869 2349 quia
884 2279 994 2331 mutare
1008 2279 1095 2349 turpe

58 2360 174 2427 suerat,
195 2352 434 2431 interpretatione
452 2353 562 2431 lenire,
584 2353 665 2414 velut
688 2356 808 2432 gravius
829 2362 915 2433 atque
937 2356 1002 2433 ipse
1029 2372 1093 2414 sen·

93 2436 182 2496 sisset
197 2446 360 2515 exceptam.
380 2435 556 2497 Obtinuisset
566 2436 660 2515 adeo,
674 2438 847 2498 transductis
859 2440 914 2498 iam
930 2440 966 2499 ad
983 2456 1016 2498 se
1031 2438 1093 2517 plu·

92 2518 175 2580 ribus
192 2527 222 2579 et
243 2520 272 2579 in
289 2520 333 2579 his
349 2518 491 2581 Cicerone
507 2521 636 2582 consulis
651 2522 757 2598 iratre,
779 2524 835 2581 nisi
855 2522 1000 2582 labantem
1018 2520 1093 2580 ordi·
1134 2516 1138 2523 '
1162 2571 1164 2573 .

92 2614 162 2665 nem
179 2605 378 2665 confirmasset
389 2604 430 2665 ll.
446 2602 565 2665 Catonis
586 2606 690 2666 oratio.
719 2606 765 2666 Ae
783 2624 820 2665 ne
843 2606 886 2665 sic
909 2604 1023 2683 quidem
1044 2606 1094 2665 im·

92 2687 198 2767 pedire
214 2706 275 2749 rem
291 2689 415 2765 destitit,
432 2687 527 2766 quoad
541 2706 641 2749 manus
653 2690 778 2768 equitum
791 2689 1002 2765 Romanorum,
1019 2705 1094 2766 quae

55 2781 83 2824 8⁰
95 2780 206 2833 armata
222 2772 361 2851 praesidii
384 2789 470 2832 eausa
492 2772 709 2850 circumstabat,
730 2772 934 2832 inmoderatius
955 2790 1094 2852 perseve-

90 2856 168 2917 ranti
182 2874 285 2927 necem
303 2856 472 2917 comminata
488 2864 546 2933 est,
568 2856 653 2916 etiarn
674 2857 791 2916 strictos
811 2855 927 2935 gladios
945 2876 1037 2936 usque
1057 2872 1095 2916 eo

90 2940 249 3017 intentans,
256 2948 288 2999 ιιι
301 2939 450 3001 sedentem
459 2957 513 2999 una
524 2940 648 3019 proximi
658 2938 848 3018 deseruerint,
858 2942 908 3000 vix
920 2943 1006 3020 pauci
1018 2958 1094 3002 corn·
1119 2936 1122 2943 ’

89 3023 184 3103 plexu
195 3026 326 3103 togaque
344 3023 460 3085 obiecta
472 3026 661 3104 protexerint.
687 3024 767 3085 Tunc
778 3024 864 3104 plane
874 3025 1027 3085 deterritus
1036 3042 1096 3085 non

89 3106 181 3168 modo
198 3108 304 3185 cessit,
328 3108 380 3169 sed
395 3106 467 3167 etin
483 3108 626 3187 reliquum
645 3109 710 3167 anni
727 3118 840 3188 tempus
858 3110 936 3170 curia
951 3109 1094 3169 abstinuit.

54 3198 79 3241 ³⁵
157 3191 253 3251 Primo
270 3200 423 3270 praeturae
444 3190 490 3252 die
506 3194 641 3267 Quintum
651 3189 781 3253 Catulum
803 3191 839 3253 de
859 3193 1020 3254 relectione
1037 3190 1136 3253 lla-15

89 3275 179 3356 pitoli
191 3274 227 3335 ad
239 3274 467 3353 disquisitionem
479 3277 579 3357 populi
589 3278 722 3353 vocavit,
736 3279 890 3355 rogatione
900 3277 1092 3356 promulgata,

88 3377 149 3440 qua
168 3359 346 3420 curationem
357 3376 419 3419 eam
435 3359 464 3419 in
478 3360 563 3420 aliurn
574 3361 781 3431 transferebam
801 3380 900 3421 verum
915 3362 1007 3438 impar
1021 3358 1093 3436 opti·

86 3444 211 3505 matium
226 3442 452 3523 conspirationi,
470 3459 543 3522 quos
560 3445 663 3506 relicto
679 3446 774 3507 statim
788 3461 929 3507 nouorum
944 3440 1093 3504 consulum
