2475 3775
161 155 226 221 252
250 168 283 218 c,
293 160 444 217 sansoni
456 168 585 229 ranno.
597 169 646 218 on
657 169 741 216 urna
753 156 937 248 olrannum
948 171 1016 218 nnn.
1030 173 1114 231 vnn.

162 338 219 406 que
232 325 267 385 ad
280 302 367 403 caput
383 321 536 402 quidquam
554 333 680 403 excepto
698 324 821 408 capulo,
845 333 874 384 et
891 333 1045 402 praeterea
1064 329 1172 392 clausa

161 411 256 472 omnia
270 409 455 487 repperisse;
471 415 558 487 atque
570 407 649 468 illum
663 409 777 468 interim
794 417 916 486 arrepto
930 407 1121 491 deductoque
1133 415 1171 476 ad

159 506 268 556 terram
281 491 446 570 Stephano,
459 493 653 553 conluctatam
664 492 728 570 diu,
750 492 815 552 duni
831 491 918 554 modo
936 494 1044 554 ferrum
1065 507 1168 568 extor-

125 633 128 638 .
161 597 268 660 quere,
290 574 377 637 modo
397 588 567 656 quamquam
582 576 695 637 laniatis
716 577 814 653 digitis
834 577 936 642 oculos
957 579 1092 642 effodere
1117 600 1186 644 σου

159 674 252 726 natur.
351 692 356 696 ·
1174 685 1186 722 ⁵

86 780 90 790 =
189 775 191 779 ·
223 747 347 813 Occisus
361 753 408 804 est
424 741 516 808 Xllll.
536 744 583 805 lll.
601 744 686 817 Octb.
704 761 779 810 anno
799 740 901 808 aetatis
920 745 1164 824 quadragensimo

160 833 269 911 quinto,
285 830 398 908 imperii
410 830 509 908 quinto
521 825 800 889 decimo-Cadaver
811 831 888 912 eius,
907 824 1042 908 populari
1061 835 1163 895 sanda·
1216 803 1217 898 l

160 917 219 997 pila
231 933 285 992 per
296 912 477 990 vespillones
494 921 693 991 exportatum,
711 913 933 989 Phyllis-nutrix
949 915 978 974 in
997 915 1163 978 suburbano
1216 919 1217 968 ἶ

159 997 379 1060 suebatinavia
395 997 555 1066 luneravit3
575 997 628 1056 sed
645 997 784 1076 reliquias
800 998 908 1078 templo
926 997 1045 1058 Flaviae
1066 1005 1163 1077 gentis

159 1085 235 1144 clam
245 1081 353 1157 intulit,
368 1079 573 1159 cineribusque
582 1081 673 1157 lullae
685 1081 741 1152 'liti
752 1081 838 1159 filiae,
849 1099 932 1161 quam
947 1091 975 1141 et
986 1084 1081 1162 ipsam
1095 1081 1161 1146 edu·
1172 1105 1194 1145 m

158 1174 248 1243 carat,
265 1165 446 1225 conmiscuit.
511 1189 513 1192 ⁴
607 1186 610 1198 ¹

116 1263 152 1317 18
220 1250 335 1323 Statura
357 1248 411 1308 luit
431 1266 576 1329 procera,
604 1250 684 1310 vultu
704 1249 838 1312 modesto
861 1248 1035 1329 ruborisque
1060 1251 1163 1330 pleno,

156 1333 316 1412 grandibus
332 1333 436 1411 oculis,
447 1351 547 1395 verum
559 1334 623 1394 acie
635 1332 805 1403 hebetiore3
825 1341 979 1414 praeterea
991 1334 1117 1415 pulcher
1129 1357 1164 1398 ac

157 1419 279 1495 decena,
292 1420 415 1478 maxime
429 1418 458 1476 in
472 1420 598 1496 iuventa,
610 1427 639 1478 et
653 1418 768 1496 quidem
778 1427 840 1478 toto
860 1435 1007 1497 corpore,
1025 1423 1164 1498 exceptis

119 1528 121 1533 ¹
157 1502 298 1584 pedibus,
322 1519 443 1581 quorum
460 1496 571 1578 digitos
588 1504 785 1563 restrictiores
809 1501 950 1572 habebat;
974 1511 1079 1581 postea
1103 1506 1192 1566 cal-15

157 1590 227 1647 vitio
241 1605 358 1666 quoque
369 1585 507 1645 delormis
528 1593 558 1644 et
576 1585 718 1646 obesitate
736 1586 847 1647 ventris
865 1595 894 1646 et
913 1603 1025 1646 crurum
1040 1590 1163 1663 gracili
1209 1605 1210 1612 ¹

70 1709 76 1720 -
156 1678 228 1746 tate,
241 1688 315 1749 quae
327 1679 421 1730 tamen
433 1671 461 1728 ei
477 1669 634 1730 valitudine
649 1669 739 1747 longa
755 1679 980 1732 remacruerant.
1008 1666 1164 1732 Commen-

158 1754 220 1815 dari
233 1772 266 1814 se
284 1742 460 1814 verecur'rdia
479 1755 540 1813 oris
558 1754 633 1814 adeo
651 1754 811 1832 sentiebat,
828 1764 858 1815 ut
876 1755 953 1834 apud
968 1763 1102 1816 senatum
1120 1760 1164 1817 sic

157 1836 301 1919 quondam
311 1837 476 1899 iactaverit:
505 1835 610 1917 Usque
631 1837 733 1900 cdboc
752 1837 836 1901 certe
855 1846 883 1901 ct
907 1839 1041 1902 nmmum
1063 1859 1163 1902 meum

115 1984 118 1987 ,
153 1922 317 2004 modestis
332 1922 497 1984 cicuitum.
532 1921 656 1985 calvitio
674 1925 713 1984 ita
731 1924 944 2002 offendebatur,
965 1926 1042 1984 utin
1060 1936 1191 1988 contu-ac

155 2008 270 2067 meliam
283 2024 365 2067 suam
374 2006 512 2083 traheret,
525 2008 551 2065 si
562 2009 608 2068 cui
619 2008 667 2069 alii
678 2009 745 2068 ioco
764 2010 813 2069 vel
830 2010 925 2085 iurgio
947 2007 1147 2071 obiectaretur
1153 2033 1161 2081 ;

78 2115 80 2118 ’
157 2094 287 2170 quamvis
310 2089 428 2167 libello,
449 2109 535 2170 quem
556 2086 598 2151 de
628 2109 712 2152 cura
733 2094 960 2171 capillorum
983 2091 1021 2151 ad
1039 2094 1161 2154 amicum

156 2173 256 2250 edidit,
268 2174 342 2233 baec
362 2174 457 2251 etiam,
467 2175 557 2235 *simul
576 2175 655 2235 illum
675 2194 765 2253 seque
779 2177 948 2255 consolans,
964 2175 1140 2239 inseruerit:

274 2245 345 2333 Οὐχ
359 2244 473 2337 ὁράᾳς,
489 2243 560 2327 οἷος
574 2247 665 2337 colysi
680 2250 781 2331 καλός
796 2280 831 2321 τε
848 2255 949 2341 μέγας
968 2278 1025 2335 ce3
1216 2318 1217 2329 ,

154 2336 277 2401 Eodem
290 2357 338 2399 me
355 2346 456 2400 tamen
468 2348 593 2401 monent
606 2342 790 2419 capillorum
804 2345 894 2425 fcto,
915 2352 944 2407 ct
962 2342 1188 2422 sorli'oaimoss
1216 2372 1217 2405 ;

154 2423 227 2503 Ῐιενι)Υ
241 2441 362 2485 comum
374 2423 637 2485 inodulescentio
650 2437 865 2503 senescentem.
898 2428 992 2491 Scias
1011 2447 1070 2491 nec
1085 2448 1159 2510 grc-

114 2512 149 2567 19
156 2508 217 2570 tice
232 2509 394 2589 quicquam
409 2508 522 2571 decore
540 2527 598 2571 occ
611 2508 745 2578 brevius.
775 2514 898 2576 laboris
916 2514 1087 2592 impatiens,
1110 2534 1159 2594 pe

146 2593 240 2655 dibus
254 2612 308 2672 per
318 2593 419 2653 urbem
430 2611 489 2653 non
499 2586 610 2654 teulere
622 2584 794 2674 ambulavit,
812 2602 840 2658 in
858 2594 1047 2677 'expeditione
1060 2608 1091 2657 et
1110 2616 1158 2675 ag·

79 2686 86 2699 ‘
154 2679 231 2737 mine
244 2695 320 2758 equo
332 2680 435 2755 rarius,
448 2678 553 2739 lectica
564 2680 660 2739 assidv·
671 2698 681 2731 ¹.
692 2690 795 2741 vectus
813 2690 867 2745 est.
896 2681 1050 2742 Armorum
1065 2683 1158 2757 nullo,

155 2763 325 2835 sagittarum
348 2762 396 2823 uel
420 2764 579 2842 praecipuo
603 2765 698 2824 studio
722 2766 883 2827 tenebatur.
922 2764 1070 2826 centenas
1088 2767 1188 2827 variis

154 2846 274 2917 generis
295 2846 375 2906 ieras
394 2863 490 2926 saepe
500 2849 530 2906 in
547 2846 664 2908 Albano
681 2865 803 2909 secessu
822 2849 1026 2912 conficientem
1042 2860 1160 2930 specta-

155 2941 227 2984 vere
243 2927 387 3005 plerique,
400 2940 486 3009 atque
498 2934 583 2991 etiam
598 2950 637 2991 ax
653 2930 790 3013 industria
807 2936 847 2993 ita
867 2932 1044 3013 quarundam
1066 2937 1161 3014 capita
1177 2958 1180 2967 ·
1216 2970 1217 3017 q

155 3008 304 3086 ligantem,
321 3021 352 3070 ut
363 3012 475 3073 duobus
490 3014 595 3074 ictibus
613 3016 694 3094 quasi
709 3034 817 3077 cornua
836 3017 979 3079 alliceret.
1013 3018 1159 3079 Nonnnm·
1216 3018 1217 3021 ’

155 3110 240 3170 quam
251 3092 280 3149 in
299 3097 381 3170 pueri
399 3098 623 3175 procul·stantis
639 3099 865 3181 praebentisque
884 3118 937 3181 pro
956 3103 1085 3182 scopulo
1103 3103 1159 3163 dis·

155 3192 274 3253 pansam
286 3174 425 3237 dexterae
435 3198 534 3245 manus
548 3182 682 3260 palmam,
695 3188 816 3261 sagittas
827 3176 904 3249 tanta
918 3194 980 3245 arte
993 3184 1118 3264 direxit,
1131 3193 1159 3246 ut
1167 3210 1187 3251 a

155 3275 257 3319 omnes
269 3263 323 3339 per
334 3261 488 3322 intervalla
502 3264 793 3341 digitoruminnocue
805 3269 974 3331 evaderent.
1116 3341 1120 3346 ¹

111 3342 148 3394 aa
212 3341 356 3403 Liberalia
369 3345 461 3404 studia
471 3348 585 3426 imperii
597 3351 677 3411 initio
696 3354 845 3433 neglexit,
862 3371 1035 3434 quamquam
1053 3352 1158 3414 biblio·

89 3425 92 3436 '
153 3420 255 3485 tliecas
273 3426 407 3487 incendio
425 3427 825 3538 absumptas—impensissime
845 3452 986 3517 reparare
1012 3445 1159 3519 curasset,

21 3667 34 3731 Ι
109 3665 164 3731 ι
254 3723 257 3730 ⁴
623 3606 654 3713 .‘
816 3663 862 3707 ”a
