2475 3775
408 172 412 188 ’
447 182 656 231 rnaursrro.
921 185 998 233 xvir

80 342 306 413 Antiquissimua
321 347 366 397 est
380 342 546 415 Polyaenus,
557 340 604 412 qui
622 347 783 413 excerptae
800 342 864 397 Divi
880 343 945 401 lulii
966 350 996 401 et

80 426 151 483 Divi
166 424 287 496 Augusti
303 424 369 480 vitis
389 423 574 495 quadraginta
595 424 656 478 iere
679 424 759 482 aunis
774 431 919 496 postquam
934 427 995 484 edi·
1098 478 1102 486 .

80 515 131 564 tae
148 508 256 564 suntin
273 509 332 565 suis
351 507 562 578 strategematis
577 511 610 575 8,
631 512 674 566 23.
696 512 731 565 24
745 509 882 579 reposuit.
927 510 995 567 Oas-

81 593 158 648 sium
180 608 291 663 quoque
309 590 427 647 Dionem
439 589 575 661 Suetonio
597 590 724 646 studiose
742 606 821 646 usum
836 608 917 663 esse,
940 594 993 652 etsi

81 692 141 730 non
158 676 318 744 confltetur,
333 674 427 745 arguit
441 675 521 729 locus
536 679 581 741 64,
595 680 707 733 ll-13
721 690 776 746 quo
791 674 856 731 loco
871 692 905 732 ea
922 692 994 746 quae

82 757 239 815 Suetonius
254 776 282 829 p.
299 763 364 827 213,
385 762 420 816 23
434 757 521 829 patris
537 755 581 812 sui
602 756 657 811 lide
680 756 709 811 in
725 757 834 813 litteras
849 759 993 830 retulerat,

82 847 223 913 tamquam
244 842 317 914 apud
340 840 491 895 historicos
514 839 627 895 inventa
649 838 790 910 repetivit.
836 842 877 896 lle
890 841 994 898 Latinis

81 924 295 995 antiquissimus
310 929 354 980 est
366 924 563 992 tertullianus,
576 921 750 979 christianus
764 922 850 988 Αἴθη
867 940 922 995 quo
938 942 993 982 non

80 1008 170 1062 multo
193 1008 368 1078 posteriores
393 1006 574 1077 Spartianus,
596 1006 786 1077 Lampridius,
809 1006 992 1079 Capitolinus,

79 1089 226 1161 Vopiscus
246 1089 390 1159 Augustae
408 1089 544 1145 historiae
564 1089 734 1159 scriptores,
754 1089 857 1147 sinon
876 1107 992 1163 prorsus

80 1173 280 1228 contemnendi
302 1179 381 1242 suut,
402 1171 555 1245 Tranquilli
575 1171 722 1228 imitationi
737 1172 848 1229 debent.
894 1173 992 1239 Ouarti
1097 1226 1100 1235 Δ

80 1256 192 1311 saeculi
207 1255 363 1327 scriptores
380 1255 550 1327 Eutropius,
565 1254 595 1311 S.
611 1253 744 1311 Aurelius
760 1256 875 1326 Victor,
890 1256 992 1314 lliero-

80 1354 182 1408 nymus
220 1344 248 1393 et
278 1338 378 1393 Paulus
412 1338 530 1395 Orosius
565 1342 667 1393 tantam
701 1338 810 1410 copiam
843 1341 992 1399 verborum

81 1419 319 1477 Suetonianorum
344 1422 572 1494 descripserunt,
594 1426 625 1475 ut
645 1421 692 1477 vel
713 1422 748 1481 ad
772 1422 993 1479 emendationem

80 1506 196 1559 illorum
224 1503 374 1559 adhibendi
401 1505 471 1571 sint;
498 1504 628 1560 Decimus
652 1504 794 1561 Ausonius
820 1506 991 1563 hexametris

80 1592 125 1642 ter
153 1586 301 1643 duodecim
331 1586 479 1644 Caesarum
501 1588 630 1657 nomina,
658 1604 765 1659 annos,
788 1594 893 1645 mortes
915 1605 992 1646 com-

80 1671 185 1741 plexus
207 1676 260 1726 est.

33 1796 35 1803 ,
144 1752 247 1809 Omitto
260 1752 383 1823 Vergilii
399 1755 500 1809 Lucani
515 1755 657 1811 luvenalis
672 1762 920 1827 commentatores,
940 1756 991 1813 sed

81 1837 137 1892 boo
156 1836 388 1908 praetereundum
406 1853 462 1894 non
478 1843 536 1906 cst,
551 1844 633 1894 sexto
648 1839 762 1895 saeculo
776 1837 907 1896 loannem
920 1842 990 1896 Lau-

80 1919 202 1974 rentium
233 1920 335 1990 Lydum
364 1927 392 1975 et
425 1920 555 1977 loannem
584 1921 788 1976 Anticcbeuum
822 1922 990 1978 laudabilem

81 2018 204 2073 operam·
228 2002 357 2060 Suetonii
378 2003 445 2060 vitis
475 2003 633 2075 ceterisque
662 2002 775 2074 scriptis
808 2003 990 2076 impendisse,

82 2086 205 2142 Graecos
224 2086 366 2153 bomines;
387 2103 441 2158 quo
460 2093 584 2158 tempore
607 2086 636 2140 in
654 2086 807 2142 Occidente
828 2093 903 2144 tanta
917 2087 991 2145 tati-

81 2185 177 2224 narum
193 2169 349 2226 litterarum
364 2170 471 2226 incuria
487 2170 661 2242 incesserat,
679 2175 710 2224 ut
723 2185 784 2225 cum
796 2170 904 2241 ingenti
919 2171 990 2228 alio-

81 2269 140 2306 rum
171 2252 307 2312 librorum
337 2255 473 2310 bonorum
502 2254 678 2310 multitudine
707 2253 790 2310 etiam
818 2254 988 2311 Suetouiana

81 2350 169 2406 opera
195 2336 329 2408 pleraque
351 2337 475 2408 perirent
499 2342 528 2392 et
546 2337 592 2392 vel
613 2337 649 2392 de
673 2336 730 2393 vita
753 2336 901 2394 Caesarum
923 2337 989 2394 libri

81 2425 157 2488 octo,
175 2419 321 2488 dequibus
337 2420 455 2490 egimus,
471 2436 526 2475 non
542 2419 655 2476 multum
665 2420 856 2490 obessetquiu
873 2420 989 2477 interci-

82 2503 189 2558 derant.

140 2585 245 2640 Unum
262 2586 446 2659 exemplar
460 2591 552 2642 tantae
567 2586 665 2642 ruinae
681 2585 829 2658 superluit,
846 2585 931 2656 idque
945 2584 1136 2640 vi-Diversomm

82 2667 128 2722 tiis
150 2668 304 2724 minorihus
320 2669 546 2740 maioribusque,
562 2669 609 2724 bic
627 2670 687 2725 illic
700 2668 808 2724 lacunis
828 2683 938 2739 quoque
960 2643 1144 2746 “exsrpppppm

83 2750 347 2822 interpolationibus
363 2750 503 2807 foedatum
510 2745 548 2824 ⁵),
569 2752 635 2821 quiu
651 2752 733 2807 etiam
750 2751 862 2822 integro
877 2757 989 2823 qnater-

150 2895 178 2957 5)
196 2896 321 2961 Exempla
345 2898 412 2948 intra
435 2905 573 2963 ponuntur.
609 2897 647 2948 Ne
667 2899 733 2948 tituli
759 2899 861 2962 quidem
880 2900 989 2948 vitarum

82 2965 219 3028 incorrupti
240 2975 387 3016 manserunt
410 2965 487 3030 (certe
502 2967 529 3020 C.
551 2966 707 3031 Caligula
731 2982 781 3017 non
800 2984 856 3018 esse
873 2983 889 3016 a
911 2983 988 3016 manu

83 3033 211 3097 scriptoris
231 3034 343 3096 constat)
365 3049 517 3098 quamquam
534 3034 613 3084 multo
637 3035 725 3099 peiora
743 3037 773 3086 ab
788 3037 926 3086 editoribus
940 3035 987 3085 ad·

82 3102 159 3149 missa
174 3109 248 3161 sunt,
274 3110 302 3151 ut
322 3103 459 3165 ansar,
477 3103 687 3154 Octavianus
708 3112 754 3155 etc.
791 3105 908 3155 Ceterum
923 3104 987 3153 scri-

83 3177 151 3233 ptum
173 3167 255 3220 luisse
273 3171 374 3222 videtur
390 3173 417 3222 id
442 3173 572 3236 exemplar
593 3171 660 3221 binis
682 3173 828 3235 laterculis,
854 3172 986 3223 versiculis

83 3237 218 3286 litterarum
235 3236 320 3290 XVlll
335 3240 376 3290 vel
391 3241 460 3304 XlX,
480 3241 548 3304 quod
566 3240 672 3290 coniicio
689 3258 703 3291 e
721 3242 775 3292 loco
793 3258 820 3308 p.
834 3241 892 3305 197,
911 3244 927 3294 5
942 3241 986 3290 ubi

82 3318 167 3354 omnes
186 3305 245 3356 libri
262 3306 367 3358 habeut:
660 3359 665 3369 ,

314 3379 422 3428 murone
436 3393 484 3429 non
501 3380 625 3432 mediocre
643 3382 749 3431 studiana

315 3449 426 3496 mamona
442 3455 489 3499 etc.

122 3527 260 3565 curremus.
822 3520 841 3570 b
