2475 3775
438 186 458 194 .,
550 147 654 196 muno.
746 131 750 140 '
998 136 1111 200 .173=

98 303 208 379 lloruit,
235 312 272 364 ut
292 312 438 365 emanaret
459 305 488 363 in
512 303 630 381 vulgus,
658 305 762 364 missos
789 303 978 367 ablessalina
1002 325 1095 368 uxore

99 386 224 464 Claudii,
244 389 294 467 qui
322 407 386 448 eum
411 387 622 464 meridiantem,
650 390 732 466 quasi
758 388 915 450 Britannici
945 391 1094 470 aemulum,

99 472 320 550 suangularent.
346 472 619 549 Additumfabulae,
633 480 662 531 at
675 471 795 532 eosdem
809 475 936 537 dracone
949 475 1093 555 epulrino

99 574 132 617 se
147 556 317 635 proferente
334 558 508 618 conterritos
528 556 685 634 refugisse.
709 557 790 633 Quae
807 553 905 619 fabula
920 567 1023 618 exorta
1038 568 1094 635 est,

76 641 252 720 sdeprensis
271 642 300 700 iu
317 641 396 702 lecto
414 643 476 702 eius
491 635 598 701 circum
623 641 779 702 cervicalia
794 642 945 721 vserpentis
967 645 1094 709 exuviis;

98 741 170 804 quas
187 733 282 784 tamen
297 742 403 786 aureae
417 724 547 786 armillae
562 743 601 784 ex
611 725 759 785 voluntate
770 728 869 788 matris
883 725 1010 786 inclusas
1026 725 1094 787 dex·

98 818 144 870 tro
158 807 278 869 brachio
299 810 424 885 gestavit
444 808 622 889 aliquandiu,
644 825 680 869 ac
701 809 796 869 taedio
817 809 931 870 tandem
948 818 1094 870 maternae

97 894 254 956 memoriae
262 892 387 971 ¹abiecit,
404 912 561 974 rursusque
575 894 712 970 extremis
733 894 793 954 suis
807 893 904 958 rebus
920 893 1028 956 frustra
1048 911 1094 954 re·

99 978 206 1056 quisiit.
320 1038 322 1042 ,

61 1079 90 1121 sc
162 1055 259 1121 Tener
284 1060 378 1122 adbuc
402 1061 524 1122 necdum
543 1071 654 1123 matura
674 1061 796 1142 pueritia
823 1059 1001 1124 circensibus
1021 1060 1123 1121 ludist
1221 1095 1224 1098 ·

99 1145 214 1206 'l'roiam
230 1145 460 1207 constantissime
475 1145 732 1224 favorabiliterque
747 1145 824 1206 lusit.
845 1145 1005 1210 Undecimo
1018 1155 1095 1206 aeta·
1124 1170 1137 1202 ,ε

98 1230 136 1290 tis
159 1245 234 1290 auno
258 1247 275 1290 a
297 1227 595 1312 Claudio'adoptams
617 1239 662 1290 est
683 1230 863 1308 Annaeoque
890 1230 1021 1289 Senecae
1041 1231 1097 1290 iam
1131 1241 1140 1278 ³

9 1382 14 1392 .
98 1313 306 1374 tuncsenatori
317 1313 671 1393 indisciplinamtraditus.
683 1313 803 1390 Ferunt,
815 1314 1098 1392 Seuecamproxima
1123 1336 1139 1364 ’.ι

99 1405 186 1458 nocte
201 1398 295 1458 risum
305 1393 365 1470 sibi
376 1416 434 1481 per
444 1399 570 1477 quietem
582 1397 615 1458 0.
632 1397 750 1458 Caesari
765 1399 952 1477 praecipere,
968 1403 997 1456 et
1012 1395 1097 1456 iidem
1135 1411 1144 1452 a

62 1501 90 1543 as
100 1483 213 1541 somnio
226 1481 307 1542 Nero
325 1481 408 1542 brevi
423 1482 508 1560 iecit,
533 1481 646 1563 prodita
666 1482 838 1544 immanitate
858 1489 976 1540 naturae
994 1480 1098 1558 quihus
1132 1506 1148 1542 c

100 1567 221 1649 primum
242 1566 335 1645 potuit
354 1567 570 1645 experimentis.
601 1561 946 1648 NamqueQBritanuicum
969 1563 1097 1641 fratrem,
1133 1587 1143 1622 r

100 1647 735 1729 qnodsepostadoptionemdenobarbu
784 1647 1097 1710 exconsuetudiuesa·
1129 1679 1144 1713 a

58 1734 235 1811 “lutasset,
262 1742 293 1792 ut
316 1732 491 1813 subditiuum
509 1733 589 1814 [apud
617 1732 730 1812 patre'm
744 1751 876 1810 arguere
901 1729 1020 1792 conatus
1042 1741 1097 1794 est.

99 1817 223 1878 Amitam
238 1825 331 1876 autem
344 1816 482 1897 Lepidam
494 1805 574 1899 ream
589 1806 876 1882 testimonidcoram
897 1815 1013 1895 afflixit,
1032 1831 1097 1893 gra·
1156 1868 1160 1890 ‚

71 1902 217 1968 aotidcans
230 1903 328 1980 matri,
344 1918 361 1963 a
378 1921 434 1981 qua
449 1920 500 1962 rea
514 1901 709 1985 premebatur.
860 1954 868 1973 ,
1148 1935 1153 1967 i

163 1985 312 2046 Deductus
327 1987 356 2045 in
370 1986 465 2047 lorum
479 1986 536 2046 tiro
556 1985 668 2066 populo
691 1984 884 2064 congiarium,
906 1983 987 2044 militi
1007 1983 1096 2044 dona·
1113 2004 1155 2043 ru

94 2072 189 2131 tirum
206 2071 374 2150 proposuit,
396 2070 561 2151 indictaque
581 2070 756 2131 decursione
773 2068 965 2149 praetorianis
986 2076 1099 2130 scutum
1115 2068 1149 2113 '³¹

100 2171 153 2215 sua
167 2170 252 2213 manu
268 2154 417 2233 praetulit;
443 2157 510 2214 exin
527 2143 730 2299 patrigratias
746 2140 775 2213 ir'r
791 2162 893 2215 senatu
909 2152 980 2233 egit.
1012 2150 1099 2232 Apud
1118 2158 1158 2184 ’Μ

99 2236 229 2298 eundem·
239 2239 389 2299 consulem
403 2256 458 2318 pro
471 2239 534 2300 Bou
555 2237 833 2317 niensibus'batine,
857 2255 912 2318 pro
926 2234 1037 2299 Rhodis
1057 2246 1097 2297 at·
1119 2240 1125 2272 ¹
1173 2244 1178 2250 '

62 2338 90 2379 as
102 2338 162 2400 que
178 2320 331 2382 iliensibus
354 2322 467 2384 Graece
487 2308 579 2402 req'ba
599 2323 681 2396 lecit.
713 2322 888 2403 despicatus
910 2328 955 2381 est
978 2330 1007 2379 et
1027 2322 1098 2380 iuris
1119 2330 1125 2369 t
1143 2318 1162 2357 ¹⁴

100 2401 256 2466 dictiomm
271 2406 439 2486 praefectus
452 2407 517 2469 urbi
533 2404 619 2476 sacro
630 2398 809 2484 bacinnum,
833 2404 1031 2486 celeberrimis
1048 2421 1097 2480 pa·
1122 2428 1127 2457 ⁵
1148 2420 1154 2441 ⁸
1229 2428 1231 2431 ·

100 2490 194 2551 tronis
207 2506 266 2550 uon
277 2491 440 2557 tralaticias
456 2500 486 2551 ut
500 2492 611 2553 assolet
626 2500 655 2551 et
673 2491 787 2567 brevis,
811 2488 864 2550 sed
879 2488 1016 2548 maximas
1035 2486 1096 2565 plu·
1124 2507 1153 2547 ‚aa

99 2573 246 2652 rimasque
262 2592 282 2652 p
304 2573 474 2634 etulationes
490 2576 620 2635 certatim
635 2572 850 2651 ingerentibus,
867 2571 997 2650 quamvis
1010 2571 1097 2627 inter·
1129 2578 1161 2605 =·¹

101 2656 208 2717 dictum
224 2675 241 2719 a
259 2591 379 2717 Gbudio
398 2666 488 2717 esset.
515 2656 683 2716 llecmulto
701 2665 769 2736 post
784 2655 863 2715 duxit
877 2668 998 2714 uxorem
1014 2650 1098 2711 (lcta-
1133 2662 1137 2672 ·
1174 2681 1177 2689 ,

65 2742 193 2818 aoniam,
212 2740 358 2818 ediditque
378 2723 435 2819 pud
449 2739 551 2801 Claudi
567 2739 660 2800 salute
681 2743 830 2799 circenses
855 2747 885 2799 et
906 2738 1098 2797 venationem.
1133 2766 1138 2785 ι

46 2849 48 2853 ’
164 2820 378 2903 Septemdecim
398 2832 482 2885 natus
503 2841 608 2900 annos,
638 2832 668 2884 ut
687 2823 723 2884 de
740 2820 861 2883 Claudio
882 2820 977 2902 palam
994 2820 1132 2887 lactume

101 2917 164 2993 est,
179 2910 254 2969 inter
267 2907 369 2969 horam
384 2917 494 2969 sextam
511 2909 719 2987 septimamque
735 2906 882 2987 processit
897 2905 933 2968 ad
950 2904 1098 2967 excubitu·
1158 2962 1165 2971 ,

100 3012 166 3073 res,
183 3011 247 3054 cum
261 2992 300 3054 ob
316 2995 409 3053 totius
421 2992 478 3053 diei
492 2992 633 3053 diritatem
645 3009 702 3052 non
718 2989 794 3053 aliud
808 2991 974 3071 auspicandi
986 3001 1099 3070 tempus

101 3076 347 3139 accommodatius
364 3077 523 3147 rideretur;
551 3094 662 3156 proque
680 3076 771 3137 Palati
792 3075 1099 3155 gradibusimperator

67 3162 319 3240 aeconsalutatus,
337 3160 440 3223 lectica
457 3164 486 3222 in
503 3170 598 3221 castra
612 3171 642 3222 et
653 3160 838 3240 indeceptim
853 3161 1009 3241 appellatis
1027 3156 1097 3217 mlli-

101 3245 179 3307 tibus
194 3248 224 3305 in
239 3247 347 3308 curiam
363 3245 473 3323 delatus
491 3255 550 3322 est,
567 3246 760 3323 discessitque
776 3247 831 3306 iam
847 3245 979 3325 vesperi,
996 3261 1034 3302 ex
1048 3243 1096 3299 im·
1186 3237 1190 3248 ’

101 3330 226 3407 mensis,
246 3330 348 3409 quibus
364 3330 571 3408 cumulabatur,
587 3314 745 3391 bonbribus
760 3325 866 3393 tautum
881 3328 970 3408 patris
986 3325 1096 3404 patriae
1170 3372 1175 3380 .

101 3415 220 3512 nomine
237 3422 372 3475 recusato
389 3424 510 3495 propter
525 3423 657 3476 aetatem.
