2475 3775
477 167 779 237 osvuscccunrus.
1056 159 1115 221 153

123 341 192 399 cas,
210 331 241 382 et
257 323 315 383 boc
327 323 449 402 amplios
464 322 541 401 patri
557 322 706 382 circenses
723 339 832 383 annuos
847 323 934 386 natali
949 324 1011 393 dic;
1033 326 1116 386 matri

123 415 305 486 carpentum,
325 423 385 485 quo
400 407 576 486 perciacum
596 403 766 482 duceretur,
790 415 819 466 et
839 424 1002 485 cognomen
1016 408 1114 486 Augu·

122 499 201 567 stae,
216 489 253 550 ab
270 493 337 550 viva
350 499 524 550 recusatum.
554 487 601 548 Ad
615 488 712 550 fratris
725 491 906 567 memoriam,
934 509 987 570 per
1004 509 1115 559 omnem

122 574 308 634 occasionem
324 573 513 649 celebratam,
529 572 707 633 comoediam
720 576 835 653 quoque
850 573 989 634 Graecam
999 572 1026 633 N
1028 592 1114 653 eapo-

95 658 212 718 olitano
235 658 391 717 certamine
411 656 509 716 docuit
529 674 566 716 ac
583 655 621 714 de
645 659 787 718 sententia
812 657 934 718 iudicum
955 659 1113 719 coronavit.

119 740 167 801 Ne
178 740 306 801 blmcom
320 740 433 819 quidem
444 740 599 799 Antonium
609 733 810 800 inhonoratam
821 759 856 802 ac
868 742 930 800 sine
944 750 1027 818 grata
1037 758 1113 802 meu·

119 826 200 885 tione
216 825 389 900 transmisit,
404 832 525 884 testatus
536 822 680 902 quondam
695 841 748 901 per
758 824 897 902 edictum,
914 833 993 885 tanto
1003 816 1113 904 impen-

119 911 182 968 sius
196 916 298 987 petere
311 922 345 968 se
356 917 387 967 nt
399 907 522 968 natalem
534 908 627 986 patris
635 906 722 967 Drusi
737 907 933 986 celebrarent,
950 907 1028 987 quod
1039 908 1115 970 idem

119 1000 201 1051 esset
223 1000 253 1050 et
272 992 319 1052 avi
340 992 383 1052 sui
403 990 531 1052 Antonii.
574 990 691 1051 'liberio
712 1008 902 1052 marmoreum
916 987 1021 1060 ,arcum
1036 994 1114 1054 iuxta

81 1085 109 1126 1⁰
118 1074 239 1155 Pompei
253 1075 410 1152 theatrum,
426 1074 574 1135 decretum
583 1074 698 1153 quidem
707 1074 774 1134 olim
785 1093 801 1135 a
811 1085 1019 1137 senatuvcrum
1030 1077 1113 1138 ontis·

118 1176 197 1235 snm,
215 1160 340 1236 peregit.
352 1158 406 1220 cat
418 1175 535 1236 quoque
544 1160 599 1218 etsi
610 1167 674 1218 acta
688 1160 781 1218 omnia
789 1160 921 1236 rescidit,
936 1159 1011 1220 diem
1020 1169 1114 1222 tamen

116 1244 215 1317 necis,
232 1244 362 1320 quamvis
378 1241 529 1302 exordium
543 1242 721 1321 principatus
738 1243 796 1319 sui,
817 1245 908 1304 venuit
927 1244 1001 1304 iuter
1020 1243 1114 1304 iestos

117 1326 234 1386 referri.
350 1335 354 1347 ’
437 1328 440 1338 ’
472 1340 500 1387 ‘5

184 1409 224 1468 At
244 1410 274 1469 in
295 1417 387 1468 semet
400 1356 538 1485 ciffi„
559 1426 666 1490 parcus
685 1418 770 1489 atque
790 1409 901 1485 civilis,
927 1393 1113 1489 praedomioe
1122 1419 1156 1474 12

80 1493 307 1572 rslmperatoris
327 1491 477 1568 abstinuit,
504 1494 607 1552 nimios
631 1493 759 1554 bonores
777 1494 938 1570 recusavit,
967 1493 1115 1572 sponsalia

117 1577 200 1638 iiliae·
208 1574 392 1655 natalemque
406 1576 497 1654 geniti
511 1578 629 1655 nepotis
647 1577 762 1638 silentio
780 1597 814 1638 ac
834 1586 940 1638 tantum
954 1577 1115 1638 domestica

116 1661 264 1736 religione
282 1662 433 1737 transegit.
464 1659 615 1720 Neminem
636 1661 750 1721 exulum
763 1662 818 1720 nisi
833 1680 871 1722 ex
884 1668 1001 1721 senatus
1016 1670 1114 1721 aucto-

115 1747 204 1805 ritate
228 1744 362 1802 restituit.
390 1745 429 1805 Ut
443 1743 544 1802 sibi‘iu
562 1746 669 1804 curiam
685 1745 863 1822 praefectum
881 1746 1008 1823 praetori
1027 1743 1113 1804 tribu·

115 1845 231 1907 uosque
240 1827 358 1886 militnm
369 1827 613 1888 secumindocere
625 1826 744 1905 liceret,
761 1837 916 1907 utqocrata
928 1835 1027 1889 essent
1040 1844 1113 1906 quae

78 1924 107 1965 2⁰
117 1913 383 1993 procuratores-sui
397 1914 426 1970 iu
437 1910 590 1972 iudicando
605 1920 780 1988 statuerent,
796 1913 928 1990 precario
944 1912 1052 1987 exegit.
1067 1910 1115 1971 lus

115 1995 302 2056 nundinarum
323 1996 351 2053 in
372 1996 485 2075 privata
501 1993 621 2074 praedia
641 1995 840 2057 aconsulibus
853 1997 935 2073 petit.
965 1994 1114 2072 Cognitio-

114 2078 202 2140 nibus
213 2079 430 2156 magistratuum
438 2088 471 2138 ut
484 2097 558 2139 nnus
572 2098 589 2139 e
604 2079 775 2139 consiliariis
786 2079 955 2157 frequenter
969 2079 1113 2146 interluit;

116 2162 237 2223 eosdem
250 2161 420 2240 spectacula
436 2162 549 2223 edentis
564 2180 688 2240 surgens
704 2172 733 2223 et
746 2165 809 2242 ipse
829 2180 892 2223 cnm
914 2172 1012 2223 cetera
1032 2162 1115 2225 turba

114 2262 194 2308 uoce
209 2264 244 2305 ac
256 2263 340 2307 manu
352 2256 507 2307 veneratos
518 2254 573 2307 est.
589 2247 648 2308 ΤΗ.
663 2246 717 2307 PL.
732 2246 899 2310 adeuntibus
912 2265 945 2307 se
958 2265 1012 2327 pro
1026 2246 1113 2307 tribn-

77 2330 173 2389 2onali
191 2333 356 2406 excusavit,
373 2329 452 2410 qnod
465 2340 588 2411 propter
597 2334 746 2409 angustias
760 2348 818 2392 nou
831 2340 935 2410 posset
949 2330 1047 2393 audire
1060 2346 1114 2390 eos
1158 2389 1163 2397 ,

114 2414 173 2473 nisi
188 2422 306 2473 stantes.
328 2415 426 2489 Quare
440 2417 470 2474 in
487 2415 571 2474 brevi
591 2418 687 2493 spatio
703 2424 809 2476 cutum
824 2415 932 2477 amoris
946 2414 1115 2491 iavorisqno
1214 2410 1216 2419 '

116 2496 255 2574 collegit,
277 2506 308 2557 nt
329 2516 393 2557 oum
414 2498 578 2577 proiectum
597 2516 662 2557 euru
684 2497 792 2559 Ostiam
813 2500 925 2576 perisse
950 2516 988 2557 ex
1004 2495 1114 2556 insidiis
1147 2516 1151 2524 ·

113 2581 272 2639 nuntiatum
292 2590 386 2656 esset,
412 2598 517 2657 magua
544 2584 779 2641 consternatione
800 2580 925 2658 populns
945 2588 974 2638 et
996 2578 1137 2637 militem*
1236 2614 1237 2619 κ

115 2664 200 2740 quasi
215 2663 411 2741 proditorem,
432 2672 463 2721 et
479 2671 608 2722 senatum
624 2665 706 2741 quasi
721 2662 892 2743 parricidam
908 2660 977 2721 diris
994 2677 1113 2723 execra-

77 2745 245 2806 sotiouibus
261 2747 410 2805 incessere
426 2762 487 2803 non
500 2754 567 2805 ante
581 2743 736 2823 destiterit,
752 2763 835 2825 qnam
851 2763 922 2804 unns
938 2754 1023 2824 atque
1041 2744 1114 2806 alter

115 2837 146 2888 et
159 2845 231 2887 mox
247 2827 360 2906 plures,
379 2847 395 2888 a
410 2826 626 2905 magistratibus
639 2830 668 2889 in
683 2838 780 2889 rostra
796 2828 943 2908 producti,
959 2830 1069 2891 salvom
1084 2838 1114 2889 et

114 2911 351 2991 appropinquare
365 2912 550 2973 affirmarent.
1053 2934 1054 2939 ¹

176 2994 242 3055 Nec
264 2994 359 3055 tamen
380 3012 488 3075 expers
504 2995 668 3056 insidiarum
693 3014 918 3077 usquequaque
946 2999 1112 3078 permansit,
1121 3005 1156 3059 13

113 3078 169 3139 sed
183 3088 214 3139 et
226 3098 244 3139 a
258 3071 379 3156 siugulis
392 3087 424 3137 et
437 3097 492 3158 per
511 3080 667 3140 factionem
689 3088 718 3141 et
735 3081 858 3159 denique
880 3081 956 3145 civili
976 3082 1055 3143 bello
1070 3084 1110 3141 in·
1137 3148 1139 3153 ,

75 3163 239 3223 asiestatns
253 3171 309 3221 est.
325 3162 350 3222 ll
368 3161 456 3241 plebe
472 3162 559 3224 bomo
575 3173 663 3223 nocte
677 3164 771 3226 media
784 3166 862 3225 iuxta
875 3164 1035 3233 cubiculnm
1050 3167 1111 3225 eius

114 3264 180 3307 cum
198 3248 327 3324 pugione
350 3246 550 3326 deprehensus
570 3244 629 3317 e'st;
653 3250 763 3327 reperti
785 3257 815 3309 et
836 3249 980 3329 equestris
1003 3247 1111 3308 ordinis

114 3328 173 3390 duo
187 3330 217 3388 in
233 3329 351 3408 publico
365 3329 551 3397 cumdolore
564 3348 600 3391 ac
614 3334 765 3409 uenatorio
782 3331 875 3395 cultro
889 3331 1111 3410 praestolantes,

114 3412 191 3473 alter
207 3422 238 3472 nt
252 3431 403 3491 egressum
417 3413 544 3491 theatro,
566 3414 640 3475 alter
653 3425 683 3476 ut
701 3417 911 3477 sacrificantem
925 3412 1000 3494 apud
1014 3412 1113 3473 blattis
