2475 3775
561 150 681 226 uanos
758 259 759 262 Ἴ
786 253 788 256 ¹
1062 167 1122 248 197

128 335 276 414 libellique
293 352 357 393 cum
379 331 548 412 quibusdam
568 331 724 390 notissimis
742 330 892 408 versibus,
915 333 1007 411 ipsius
1028 333 1121 395 chiro·

121 419 240 498 ,grapho
255 418 387 497 scriptis,
408 425 438 476 ut
453 415 540 475 lacile
558 424 716 494 appareret
730 431 788 475 non
798 415 920 476 tralatos
934 426 983 477 aut
996 417 1121 478 dictante

128 505 224 582 aliquo
236 511 396 581 exceptos,
414 500 466 560 sed
477 499 660 580 plane-qnasi
672 517 689 559 a
702 500 850 577 cogitante
860 508 947 579 atque
961 511 1121 599 generante

128 597 278 656 exaratam
291 587 330 646 ita
338 585 425 645 multa
437 594 466 644 et
476 583 572 644 deleta
581 593 613 642 et
623 583 738 645 inducta
750 593 779 642 et
772 586 989 663 superscripta
999 585 1119 645 inerant.

104 672 230 734 ellabuit
243 679 273 730 et
284 667 421 748 pingendi
435 667 621 746 fingendique
636 685 693 727 non
708 653 855 728 mediocre
867 667 999 728 studium.
1129 676 1164 731 53

189 755 314 816 blaxime
328 761 423 813 autern
433 751 628 850 popularitate
643 751 861 829 efferebatur,o
843 753 967 812 omnium
973 753 1120 853 aemulus,

126 841 176 918 qui
188 855 306 937 quoquo
321 836 408 897 modo
420 838 542 896 animum
551 835 632 912 vulgi
644 844 806 898 moverent.
838 835 918 896 Exiit
930 838 1040 916 opinio,
1054 847 1122 916 post

126 925 278 982 scaenicas
289 938 414 982 coronas
426 922 558 998 proximo
569 919 662 979 lustro
675 919 881 980 descensurum
894 938 958 980 eum
976 922 1011 982 ad
1024 920 1120 996 Olym·

126 994 175 1085 pia
186 1007 260 1065 inter
272 1005 408 1074 athletam
427 1022 492 1064 nam
504 1012 533 1063 et
544 1003 705 1065 luctabatur
720 1003 846 1081 assidue,
862 1022 919 1064 nec
930 1004 1014 1065 aliter
1027 1015 1119 1065 certa-

90 1092 203 1149 romina
219 1092 353 1166 gymnica
372 1097 433 1147 tota
455 1086 577 1149 Graecia
603 1097 790 1166 spectaverat
810 1106 893 1187 quam
917 1087 1145 1150 brabeutarum

125 1191 208 1236 more
222 1176 251 1232 in
261 1173 353 1234 stadio
365 1173 440 1232 humi
454 1171 585 1232 assidens
597 1189 643 1249 ac,
655 1172 680 1230 si
692 1189 748 1251 qua
758 1173 839 1251 paria
849 1173 965 1252 longius
975 1169 1157 1244 recessip

126 1266 200 1335 sent,
212 1258 241 1316 in
252 1249 374 1318 medinm
386 1253 516 1316 manibus
527 1257 587 1314 suis
601 1256 785 1336 protrahens
807 1255 1012 1318 Destinaverat
1024 1260 1120 1334 etiam,

127 1360 193 1421 quia
203 1340 371 1419 Apollinem
381 1347 477 1416 cantu
489 1339 588 1399 Solem
599 1339 759 1416 aurigando
772 1341 965 1420 aequiperare
976 1342 1120 1400 existima·

99 1428 216 1502 retur,
227 1425 329 1484 imitari
342 1433 371 1483 et
381 1384 515 1484 Hercdlis
526 1423 616 1492 lacta;
633 1432 895 1503 praeparatumque
907 1423 1023 1482 leonem
1035 1428 1120 1501 aiunt,

87 1525 118 1567 ιι
127 1526 213 1588 quem
223 1508 270 1568 vel
283 1508 367 1568 clava
378 1506 427 1567 vel
438 1506 621 1568 brachiorum
633 1506 755 1567 nexibus
771 1508 801 1567 in
819 1506 1021 1586 amphitheatri
1033 1525 1121 1568 arena

126 1600 277 1671 spectante
294 1591 406 1671 populo
416 1591 507 1651 nudus
520 1591 651 1652 elideret.
687 1589 746 1651 Sub
759 1593 836 1650 exitu
854 1590 970 1670 quidem
981 1591 1059 1651 vitae
1071 1599 1163 1670 ιιι-54

125 1677 182 1736 lam
198 1685 330 1752 voverat,
341 1673 428 1734 sisibi
439 1675 591 1735 incolumis
602 1684 693 1736 status
707 1677 924 1754 permansisset,
943 1673 1120 1754 proditurum

126 1777 159 1818 se
171 1767 271 1836 partae
283 1759 424 1818 victoriae
435 1756 509 1817 ludis
520 1761 605 1818 etiam
616 1758 784 1834 hydraulam
796 1767 824 1818 et
836 1759 1003 1819 choraulam
1015 1768 1043 1818 et
1052 1761 1119 1819 utri-

125 1841 282 1919 cularium,
297 1842 501 1903 sonorissimo
520 1841 568 1902 die
585 1842 754 1903 histrionem
772 1842 996 1921 saltaturumque
1013 1843 1120 1920 virgili

85 1944 116 1984 ac
128 1926 263 1987 Tannum.
295 1924 334 1986 Ilt
344 1934 409 1985 suut
421 1928 468 2003 qui
480 1927 601 2003 tradant,
611 1926 743 1987 Paridem
758 1926 925 1986 histrionem
938 1928 1066 1987 occisum
1083 1926 1119 1986 ab

126 2028 163 2071 eo
175 2012 257 2088 quasi
268 2027 388 2088 gravem
400 2008 604 2071 adversarium.
626 2010 696 2072 Erat
707 2010 749 2070 illi
758 2012 1119 2089 aeternitatis-perpetuae·
1127 2012 1161 2067 55
1230 2058 1236 2079 ,

126 2113 185 2175 que
203 2094 296 2154 lamae
318 2093 435 2173 cupido,
452 2094 504 2153 sed
522 2095 693 2155 inconsulta.
727 2093 857 2173 ldeoqne
873 2095 968 2154 multis
986 2094 1074 2153 rebus
1085 2113 1121 2155 ac

109 2178 210 2253 locis,
222 2188 323 2237 vetere
336 2176 533 2257 appellatione
548 2178 694 2255 detracta,
714 2196 819 2239 novam
836 2179 937 2239 indixit
954 2196 992 2238 ex
1004 2195 1056 2238 suo
1068 2197 1119 2239 no·

124 2262 217 2337 mine,
228 2280 356 2322 mensem
374 2280 489 2341 quoque
507 2262 639 2341 Aprilem
655 2262 821 2324 Neroneum
838 2263 1013 2343 appellavit;
1032 2262 1119 2322 desti-

85 2356 116 2396 25
124 2354 244 2405 naverat
257 2355 286 2405 et
295 2348 416 2408 llomam
425 2345 597 2426 Neropolim
607 2366 783 2427 nuncupare.

187 2429 371 2507 Religionum
378 2448 471 2508 nsque
479 2448 594 2509 quaque
607 2440 802 2510 contemptor,
814 2437 932 2511 praeter
943 2433 1027 2490 nnius
1037 2429 1117 2488 Deae
1127 2424 1162 2477 56

125 2513 238 2602 Syriae
259 2513 341 2574 Hanc
352 2531 420 2573 mox
430 2516 712 2591 rtasprevrtuturrna
721 2516 942 2588 contaminaret
956 2514 1118 2589 aliasuper-

125 2595 242 2657 stitione
255 2606 372 2675 captus,
389 2597 484 2673 inqua
505 2598 568 2657 sola
584 2599 816 2675 pertinacissime
835 2596 937 2655 haesit
972 2595 1119 2673 Siquidem

124 2679 285 2739 icuncnlam
302 2679 472 2757 puellarem,
492 2696 556 2738 cum
568 2682 651 2757 quasi
667 2678 823 2740 remedium
841 2677 1006 2738 insidiarum
1023 2696 1040 2739 a
1056 2677 1117 2757 ple·

85 2776 115 2817 ao
125 2764 194 2823 beio
209 2761 332 2860 quqdam
342 2770 372 2821 et
388 2763 491 2839 ignoto
507 2764 617 2821 muneri
635 2765 814 2841 accepisset,
833 2760 947 2821 detecta
966 2762 1118 2822 confestim

124 2846 332 2921 coniuratione,
344 2863 399 2944 prq
411 2851 521 2905 summo
532 2847 645 2906 numine
657 2848 815 2925 trinisque'
807 2864 836 2905 ιιι
848 2845 894 2905 die
906 2836 1056 2907 sacrificiis
1069 2864 1117 2907 co·

123 2931 187 2991 lere
206 2930 427 3007 perseveravit,
446 2929 624 3008 volebatque
646 2929 728 2990 credi
752 2930 909 2990 monitione
934 2931 995 2990 eius
1024 2931 1118 2991 lutura

123 3028 332 3092 praenoscere.
357 3012 434 3073 Ante
451 3031 562 3092 pauens
581 3031 666 3091 quam
687 3015 797 3092 periret
815 3031 930 3073 menses
949 3013 1068 3075 attendit
1089 3021 1118 3072 et

125 3096 292 3174 extispicio,
305 3113 502 3174 necunquam
514 3098 615 3157 litavit.

84 3198 115 3240 as
190 3178 267 3259 Obiit
278 3180 444 3247 tricensimo
456 3190 486 3243 et
496 3180 624 3242 secundo
640 3181 740 3241 aetatis
750 3198 834 3259 anno,
846 3181 892 3241 die
903 3198 960 3259 quo
974 3181 1116 3259 quondam
1125 3176 1158 3233 57

125 3262 274 3323 Octaviam
288 3264 489 3343 interemerat,
505 3273 671 3343 tantumque
687 3264 821 3343 gaudium
839 3265 956 3344 publice
974 3263 1116 3341 praebuit,

123 3355 155 3405 ut
167 3345 252 3424 plebs
269 3347 389 3425 pilleata
402 3357 462 3408 tcta
479 3347 551 3409 urbe
569 3345 755 3409 discurreret.
783 3348 822 3410 lit
837 3352 935 3409 tamen
949 3363 1006 3405 non
1018 3344 1115 3405 defue-

122 3438 190 3491 runt
201 3431 249 3510 qui
260 3449 314 3509 peu
327 3432 446 3511 longum
456 3432 569 3513 tempus
582 3432 682 3495 vernis
698 3431 875 3513 aestivisque
892 3428 1013 3493 floribus
1027 3436 1116 3487 tumn·
