<?xml version="1.0" encoding="UTF-8"?>
<!DOCTYPE html PUBLIC "-//W3C//DTD XHTML 1.0 Transitional//EN"
    "http://www.w3.org/TR/xhtml1/DTD/xhtml1-transitional.dtd">
<html xmlns="http://www.w3.org/1999/xhtml" xml:lang="en" lang="en">
 <head>
  <title>
</title>
<meta http-equiv="Content-Type" content="text/html;charset=utf-8" />
  <meta name='ocr-system' content='tesseract 3.04.00' />
  <meta name='ocr-capabilities' content='ocr_page ocr_carea ocr_par ocr_line ocrx_word'/>
</head>
<body>
  <div class='ocr_page' id='page_1' title='image "./csuetonitranqui03rothgoog_0129.png"; bbox 0 0 2475 3775; ppageno 0'>
   <div class='ocr_carea' id='block_1_1' title="bbox 465 155 1083 218">
    <p class='ocr_par' dir='ltr' id='par_1_1' title="bbox 465 155 1083 218">
     <span class='ocr_line' id='line_1_1' title="bbox 465 155 1083 218; baseline 0.008 -6"><span class='ocrx_word' id='word_1_1' title='bbox 465 163 570 213; x_wconf 78' lang='lat' dir='ltr'><strong>nunus</strong></span> <span class='ocrx_word' id='word_1_2' title='bbox 587 163 712 213; x_wconf 74' lang='lat' dir='ltr'><strong>ruerus.</strong></span> <span class='ocrx_word' id='word_1_3' title='bbox 768 168 770 173; x_wconf 54' lang='lat'><strong>⁴</strong></span> <span class='ocrx_word' id='word_1_4' title='bbox 1043 155 1083 218; x_wconf 83' lang='lat' dir='ltr'><strong>te</strong></span> 
     </span>
    </p>
   </div>
   <div class='ocr_carea' id='block_1_2' title="bbox 56 315 1193 3411">
    <p class='ocr_par' dir='ltr' id='par_1_2' title="bbox 56 315 1193 3411">
     <span class='ocr_line' id='line_1_2' title="bbox 88 315 1083 397; baseline -0.004 -13"><span class='ocrx_word' id='word_1_5' title='bbox 88 317 203 384; x_wconf 78' lang='lat' dir='ltr'><strong>&#39;mereri</strong></span> <span class='ocrx_word' id='word_1_6' title='bbox 217 315 391 397; x_wconf 66' lang='lat' dir='ltr'><strong>mundoque</strong></span> <span class='ocrx_word' id='word_1_7' title='bbox 411 324 548 397; x_wconf 87' lang='lat' dir='ltr'><strong>possent,</strong></span> <span class='ocrx_word' id='word_1_8' title='bbox 568 315 703 396; x_wconf 70' lang='lat' dir='ltr'><strong>sustituit,</strong></span> <span class='ocrx_word' id='word_1_9' title='bbox 727 327 798 397; x_wconf 88' lang='lat' dir='ltr'><strong>quot</strong></span> <span class='ocrx_word' id='word_1_10' title='bbox 815 321 897 380; x_wconf 87' lang='lat' dir='ltr'><strong>annis</strong></span> <span class='ocrx_word' id='word_1_11' title='bbox 918 322 949 382; x_wconf 91' lang='lat' dir='ltr'><strong>iu</strong></span> <span class='ocrx_word' id='word_1_12' title='bbox 963 321 1083 382; x_wconf 66' lang='lat' dir='ltr'><strong>‘demor-</strong></span> 
     </span>
     <span class='ocr_line' id='line_1_3' title="bbox 96 399 1085 480; baseline -0.001 -15"><span class='ocrx_word' id='word_1_13' title='bbox 96 415 204 466; x_wconf 89' lang='lat' dir='ltr'><strong>tuorum</strong></span> <span class='ocrx_word' id='word_1_14' title='bbox 221 402 318 462; x_wconf 89' lang='lat' dir='ltr'><strong>locum</strong></span> <span class='ocrx_word' id='word_1_15' title='bbox 340 399 449 478; x_wconf 86' lang='lat' dir='ltr'><strong>exiis,</strong></span> <span class='ocrx_word' id='word_1_16' title='bbox 473 401 658 480; x_wconf 86' lang='lat' dir='ltr'><strong>qui-recensi</strong></span> <span class='ocrx_word' id='word_1_17' title='bbox 672 418 730 462; x_wconf 91' lang='lat' dir='ltr'><strong>non</strong></span> <span class='ocrx_word' id='word_1_18' title='bbox 751 411 863 479; x_wconf 88' lang='lat' dir='ltr'><strong>essent,</strong></span> <span class='ocrx_word' id='word_1_19' title='bbox 886 403 1051 466; x_wconf 87' lang='lat' dir='ltr'><strong>subsortitio</strong></span> <span class='ocrx_word' id='word_1_20' title='bbox 1067 422 1085 464; x_wconf 87' lang='lat' dir='ltr'><strong>a</strong></span> 
     </span>
     <span class='ocr_line' id='line_1_4' title="bbox 97 483 1125 568; baseline -0.004 -20"><span class='ocrx_word' id='word_1_21' title='bbox 97 497 231 568; x_wconf 90' lang='lat' dir='ltr'><strong>praetore</strong></span> <span class='ocrx_word' id='word_1_22' title='bbox 245 487 338 546; x_wconf 87' lang='lat' dir='ltr'><strong>lieret.</strong></span> <span class='ocrx_word' id='word_1_23' title='bbox 368 483 523 563; x_wconf 77' lang='lat' dir='ltr'><strong>Octoginta</strong></span> <span class='ocrx_word' id='word_1_24' title='bbox 538 494 632 546; x_wconf 88' lang='lat' dir='ltr'><strong>antem</strong></span> <span class='ocrx_word' id='word_1_25' title='bbox 647 486 751 546; x_wconf 85' lang='lat' dir='ltr'><strong>civium</strong></span> <span class='ocrx_word' id='word_1_26' title='bbox 765 485 880 547; x_wconf 87' lang='lat' dir='ltr'><strong>milibus</strong></span> <span class='ocrx_word' id='word_1_27' title='bbox 902 487 931 546; x_wconf 93' lang='lat' dir='ltr'><strong>in</strong></span> <span class='ocrx_word' id='word_1_28' title='bbox 946 488 1125 548; x_wconf 76' lang='lat' dir='ltr'><strong>mansue-&#39;it</strong></span> 
     </span>
     <span class='ocr_line' id='line_1_5' title="bbox 97 567 1085 650; baseline -0.003 -17"><span class='ocrx_word' id='word_1_29' title='bbox 97 574 172 632; x_wconf 85' lang='lat' dir='ltr'><strong>ninas</strong></span> <span class='ocrx_word' id='word_1_30' title='bbox 187 569 319 630; x_wconf 52' lang='lat' dir='ltr'><strong>colunias*</strong></span> <span class='ocrx_word' id='word_1_31' title='bbox 333 568 504 646; x_wconf 75' lang='lat' dir='ltr'><strong>distributis,</strong></span> <span class='ocrx_word' id='word_1_32' title='bbox 515 578 546 628; x_wconf 95' lang='lat' dir='ltr'><strong>ut</strong></span> <span class='ocrx_word' id='word_1_33' title='bbox 560 567 719 639; x_wconf 84' lang='lat' dir='ltr'><strong>exbaustue</strong></span> <span class='ocrx_word' id='word_1_34' title='bbox 735 588 851 650; x_wconf 83' lang='lat' dir='ltr'><strong>quoqne</strong></span> <span class='ocrx_word' id='word_1_35' title='bbox 861 569 941 630; x_wconf 87' lang='lat' dir='ltr'><strong>urbis</strong></span> <span class='ocrx_word' id='word_1_36' title='bbox 951 571 1085 648; x_wconf 89' lang='lat' dir='ltr'><strong>frequen·</strong></span> 
     </span>
     <span class='ocr_line' id='line_1_6' title="bbox 75 653 1086 734; baseline -0.009 -13"><span class='ocrx_word' id='word_1_37' title='bbox 75 658 135 721; x_wconf 77' lang='lat' dir='ltr'><strong>otia</strong></span> <span class='ocrx_word' id='word_1_38' title='bbox 150 663 335 734; x_wconf 81' lang='lat' dir='ltr'><strong>suppeteret,</strong></span> <span class='ocrx_word' id='word_1_39' title='bbox 358 654 468 730; x_wconf 80' lang='lat' dir='ltr'><strong>sanxit,</strong></span> <span class='ocrx_word' id='word_1_40' title='bbox 490 653 607 732; x_wconf 90' lang='lat' dir='ltr'><strong>nequis</strong></span> <span class='ocrx_word' id='word_1_41' title='bbox 623 654 800 714; x_wconf 82' lang='lat' dir='ltr'><strong>cirismaior</strong></span> <span class='ocrx_word' id='word_1_42' title='bbox 817 655 899 714; x_wconf 86' lang='lat' dir='ltr'><strong>anuis</strong></span> <span class='ocrx_word' id='word_1_43' title='bbox 919 653 1018 732; x_wconf 83' lang='lat' dir='ltr'><strong>viginti</strong></span> <span class='ocrx_word' id='word_1_44' title='bbox 1035 655 1086 713; x_wconf 90' lang='lat' dir='ltr'><strong>mi·</strong></span> 
     </span>
     <span class='ocr_line' id='line_1_7' title="bbox 98 736 1131 817; baseline -0.006 -15"><span class='ocrx_word' id='word_1_45' title='bbox 98 757 187 802; x_wconf 84' lang='lat' dir='ltr'><strong>nonve</strong></span> <span class='ocrx_word' id='word_1_46' title='bbox 203 736 408 816; x_wconf 87' lang='lat' dir='ltr'><strong>quadraginta,</strong></span> <span class='ocrx_word' id='word_1_47' title='bbox 425 737 473 815; x_wconf 92' lang='lat' dir='ltr'><strong>qui</strong></span> <span class='ocrx_word' id='word_1_48' title='bbox 487 745 668 798; x_wconf 90' lang='lat' dir='ltr'><strong>sacramento</strong></span> <span class='ocrx_word' id='word_1_49' title='bbox 682 755 742 797; x_wconf 91' lang='lat' dir='ltr'><strong>uon</strong></span> <span class='ocrx_word' id='word_1_50' title='bbox 755 746 914 814; x_wconf 88' lang='lat' dir='ltr'><strong>teneretur,</strong></span> <span class='ocrx_word' id='word_1_51' title='bbox 925 737 1086 817; x_wconf 90' lang='lat' dir='ltr'><strong>plustrien·</strong></span> <span class='ocrx_word' id='word_1_52' title='bbox 1126 752 1131 764; x_wconf 74' lang='lat'><em>¹</em></span> 
     </span>
     <span class='ocr_line' id='line_1_8' title="bbox 98 819 1086 900; baseline -0.003 -17"><span class='ocrx_word' id='word_1_53' title='bbox 98 825 145 884; x_wconf 90' lang='lat' dir='ltr'><strong>nie</strong></span> <span class='ocrx_word' id='word_1_54' title='bbox 161 822 294 881; x_wconf 90' lang='lat' dir='ltr'><strong>continue</strong></span> <span class='ocrx_word' id='word_1_55' title='bbox 309 819 391 880; x_wconf 90' lang='lat' dir='ltr'><strong>ltalia</strong></span> <span class='ocrx_word' id='word_1_56' title='bbox 410 820 541 897; x_wconf 88' lang='lat' dir='ltr'><strong>abesset,</strong></span> <span class='ocrx_word' id='word_1_57' title='bbox 561 838 617 881; x_wconf 91' lang='lat' dir='ltr'><strong>neu</strong></span> <span class='ocrx_word' id='word_1_58' title='bbox 636 822 685 900; x_wconf 92' lang='lat' dir='ltr'><strong>qui</strong></span> <span class='ocrx_word' id='word_1_59' title='bbox 700 822 848 882; x_wconf 84' lang='lat' dir='ltr'><strong>senatoris</strong></span> <span class='ocrx_word' id='word_1_60' title='bbox 859 823 934 882; x_wconf 84' lang='lat' dir='ltr'><strong>iilius</strong></span> <span class='ocrx_word' id='word_1_61' title='bbox 948 822 1004 882; x_wconf 88' lang='lat' dir='ltr'><strong>nisi</strong></span> <span class='ocrx_word' id='word_1_62' title='bbox 1018 839 1086 882; x_wconf 91' lang='lat' dir='ltr'><strong>con·</strong></span> 
     </span>
     <span class='ocr_line' id='line_1_9' title="bbox 99 905 1168 985; baseline -0.004 -17"><span class='ocrx_word' id='word_1_63' title='bbox 99 905 254 968; x_wconf 86' lang='lat' dir='ltr'><strong>tubernalis</strong></span> <span class='ocrx_word' id='word_1_64' title='bbox 280 912 328 985; x_wconf 88' lang='lat' dir='ltr'><strong>aut</strong></span> <span class='ocrx_word' id='word_1_65' title='bbox 357 920 455 964; x_wconf 91' lang='lat' dir='ltr'><strong>comes</strong></span> <span class='ocrx_word' id='word_1_66' title='bbox 476 905 659 981; x_wconf 82' lang='lat' dir='ltr'><strong>magistratus</strong></span> <span class='ocrx_word' id='word_1_67' title='bbox 683 923 810 984; x_wconf 75' lang='lat' dir='ltr'><strong>peregre</strong></span> <span class='ocrx_word' id='word_1_68' title='bbox 833 907 1085 985; x_wconf 85' lang='lat' dir='ltr'><strong>proficisceretur;</strong></span> <span class='ocrx_word' id='word_1_69' title='bbox 1163 977 1168 980; x_wconf 21' lang='grc' dir='ltr'>Ι</span> 
     </span>
     <span class='ocr_line' id='line_1_10' title="bbox 98 988 1087 1069; baseline -0.003 -18"><span class='ocrx_word' id='word_1_70' title='bbox 98 1008 171 1051; x_wconf 85' lang='lat' dir='ltr'><strong>neve</strong></span> <span class='ocrx_word' id='word_1_71' title='bbox 187 990 222 1066; x_wconf 90' lang='lat' dir='ltr'><strong>ii,</strong></span> <span class='ocrx_word' id='word_1_72' title='bbox 240 988 288 1067; x_wconf 91' lang='lat' dir='ltr'><strong>qui</strong></span> <span class='ocrx_word' id='word_1_73' title='bbox 302 988 467 1067; x_wconf 72' lang='lat' dir='ltr'><strong>pecuariam</strong></span> <span class='ocrx_word' id='word_1_74' title='bbox 481 988 630 1065; x_wconf 88' lang='lat' dir='ltr'><strong>lacerent,</strong></span> <span class='ocrx_word' id='word_1_75' title='bbox 647 990 738 1050; x_wconf 86' lang='lat' dir='ltr'><strong>minus</strong></span> <span class='ocrx_word' id='word_1_76' title='bbox 752 990 836 1050; x_wconf 89' lang='lat' dir='ltr'><strong>tertia</strong></span> <span class='ocrx_word' id='word_1_77' title='bbox 852 999 935 1069; x_wconf 90' lang='lat' dir='ltr'><strong>parte</strong></span> <span class='ocrx_word' id='word_1_78' title='bbox 948 989 1087 1069; x_wconf 89' lang='lat' dir='ltr'><strong>puberum</strong></span> 
     </span>
     <span class='ocr_line' id='line_1_11' title="bbox 63 1068 1088 1153; baseline -0.003 -16"><span class='ocrx_word' id='word_1_79' title='bbox 63 1095 89 1138; x_wconf 84' lang='lat' dir='ltr'><strong>uo</strong></span> <span class='ocrx_word' id='word_1_80' title='bbox 100 1076 285 1150; x_wconf 89' lang='lat' dir='ltr'><strong>ingenuorum</strong></span> <span class='ocrx_word' id='word_1_81' title='bbox 305 1072 379 1132; x_wconf 90' lang='lat' dir='ltr'><strong>inter</strong></span> <span class='ocrx_word' id='word_1_82' title='bbox 400 1080 535 1152; x_wconf 88' lang='lat' dir='ltr'><strong>pastores</strong></span> <span class='ocrx_word' id='word_1_83' title='bbox 550 1068 704 1132; x_wconf 86' lang='lat' dir='ltr'><strong>baberent.</strong></span> <span class='ocrx_word' id='word_1_84' title='bbox 742 1070 897 1153; x_wconf 89' lang='lat' dir='ltr'><strong>Omnisque</strong></span> <span class='ocrx_word' id='word_1_85' title='bbox 918 1072 1088 1134; x_wconf 90' lang='lat' dir='ltr'><strong>medicinam</strong></span> 
     </span>
     <span class='ocr_line' id='line_1_12' title="bbox 98 1154 1143 1237; baseline -0.003 -18"><span class='ocrx_word' id='word_1_86' title='bbox 98 1160 206 1219; x_wconf 88' lang='lat' dir='ltr'><strong>Romae</strong></span> <span class='ocrx_word' id='word_1_87' title='bbox 231 1155 384 1234; x_wconf 82' lang='lat' dir='ltr'><strong>professos</strong></span> <span class='ocrx_word' id='word_1_88' title='bbox 405 1163 435 1216; x_wconf 91' lang='lat' dir='ltr'><strong>et</strong></span> <span class='ocrx_word' id='word_1_89' title='bbox 450 1154 610 1215; x_wconf 90' lang='lat' dir='ltr'><strong>liberalium</strong></span> <span class='ocrx_word' id='word_1_90' title='bbox 627 1155 728 1216; x_wconf 89' lang='lat' dir='ltr'><strong>artium</strong></span> <span class='ocrx_word' id='word_1_91' title='bbox 748 1156 901 1233; x_wconf 84' lang='lat' dir='ltr'><strong>doctores,</strong></span> <span class='ocrx_word' id='word_1_92' title='bbox 923 1175 981 1237; x_wconf 92' lang='lat' dir='ltr'><strong>quo</strong></span> <span class='ocrx_word' id='word_1_93' title='bbox 997 1155 1086 1217; x_wconf 88' lang='lat' dir='ltr'><strong>libeu·</strong></span> <span class='ocrx_word' id='word_1_94' title='bbox 1142 1204 1143 1210; x_wconf 48' lang='lat'><strong>.</strong></span> 
     </span>
     <span class='ocr_line' id='line_1_13' title="bbox 99 1238 1087 1320; baseline -0.004 -17"><span class='ocrx_word' id='word_1_95' title='bbox 99 1245 153 1303; x_wconf 85' lang='lat' dir='ltr'><strong>tius</strong></span> <span class='ocrx_word' id='word_1_96' title='bbox 174 1248 204 1299; x_wconf 89' lang='lat' dir='ltr'><strong>et</strong></span> <span class='ocrx_word' id='word_1_97' title='bbox 222 1240 278 1319; x_wconf 92' lang='lat' dir='ltr'><strong>ipsi</strong></span> <span class='ocrx_word' id='word_1_98' title='bbox 298 1239 397 1300; x_wconf 89' lang='lat' dir='ltr'><strong>urbem</strong></span> <span class='ocrx_word' id='word_1_99' title='bbox 418 1238 581 1300; x_wconf 88' lang='lat' dir='ltr'><strong>incolerent</strong></span> <span class='ocrx_word' id='word_1_100' title='bbox 602 1248 632 1300; x_wconf 90' lang='lat' dir='ltr'><strong>et</strong></span> <span class='ocrx_word' id='word_1_101' title='bbox 653 1241 742 1299; x_wconf 89' lang='lat' dir='ltr'><strong>ceteri</strong></span> <span class='ocrx_word' id='word_1_102' title='bbox 762 1239 949 1320; x_wconf 84' lang='lat' dir='ltr'><strong>adpeterent,</strong></span> <span class='ocrx_word' id='word_1_103' title='bbox 972 1242 1087 1300; x_wconf 83' lang='lat' dir='ltr'><strong>ciuitate</strong></span> 
     </span>
     <span class='ocr_line' id='line_1_14' title="bbox 99 1322 1088 1403; baseline -0.003 -18"><span class='ocrx_word' id='word_1_104' title='bbox 99 1324 223 1386; x_wconf 85' lang='lat' dir='ltr'><strong>donavit.</strong></span> <span class='ocrx_word' id='word_1_105' title='bbox 258 1322 302 1382; x_wconf 86' lang='lat' dir='ltr'><strong>De</strong></span> <span class='ocrx_word' id='word_1_106' title='bbox 325 1324 454 1403; x_wconf 90' lang='lat' dir='ltr'><strong>pecuniis</strong></span> <span class='ocrx_word' id='word_1_107' title='bbox 477 1324 597 1400; x_wconf 90' lang='lat' dir='ltr'><strong>mutuis,</strong></span> <span class='ocrx_word' id='word_1_108' title='bbox 624 1322 746 1384; x_wconf 87' lang='lat' dir='ltr'><strong>disiecta</strong></span> <span class='ocrx_word' id='word_1_109' title='bbox 769 1341 907 1385; x_wconf 83' lang='lat' dir='ltr'><strong>novarum</strong></span> <span class='ocrx_word' id='word_1_110' title='bbox 928 1324 1088 1386; x_wconf 88' lang='lat' dir='ltr'><strong>tabularum</strong></span> 
     </span>
     <span class='ocr_line' id='line_1_15' title="bbox 100 1406 1089 1485; baseline -0.003 -17"><span class='ocrx_word' id='word_1_111' title='bbox 100 1407 335 1484; x_wconf 89' lang='lat' dir='ltr'><strong>exspectatione,</strong></span> <span class='ocrx_word' id='word_1_112' title='bbox 349 1425 423 1485; x_wconf 90' lang='lat' dir='ltr'><strong>quae</strong></span> <span class='ocrx_word' id='word_1_113' title='bbox 440 1407 546 1467; x_wconf 87' lang='lat' dir='ltr'><strong>crebro</strong></span> <span class='ocrx_word' id='word_1_114' title='bbox 564 1406 751 1484; x_wconf 82' lang='lat' dir='ltr'><strong>movebatur,</strong></span> <span class='ocrx_word' id='word_1_115' title='bbox 768 1407 899 1468; x_wconf 86' lang='lat' dir='ltr'><strong>decrevit</strong></span> <span class='ocrx_word' id='word_1_116' title='bbox 914 1407 1043 1484; x_wconf 90' lang='lat' dir='ltr'><strong>taudem,</strong></span> <span class='ocrx_word' id='word_1_117' title='bbox 1059 1415 1089 1465; x_wconf 93' lang='lat' dir='ltr'><strong>ut</strong></span> 
     </span>
     <span class='ocr_line' id='line_1_16' title="bbox 64 1489 1087 1570; baseline 0.002 -22"><span class='ocrx_word' id='word_1_118' title='bbox 64 1507 89 1548; x_wconf 81' lang='lat' dir='ltr'><strong>uc</strong></span> <span class='ocrx_word' id='word_1_119' title='bbox 99 1490 246 1554; x_wconf 87' lang='lat' dir='ltr'><strong>debitores</strong></span> <span class='ocrx_word' id='word_1_120' title='bbox 261 1489 452 1552; x_wconf 88' lang='lat' dir='ltr'><strong>creditoribus</strong></span> <span class='ocrx_word' id='word_1_121' title='bbox 470 1491 688 1552; x_wconf 89' lang='lat' dir='ltr'><strong>satisfacerent</strong></span> <span class='ocrx_word' id='word_1_122' title='bbox 704 1505 759 1570; x_wconf 90' lang='lat' dir='ltr'><strong>per</strong></span> <span class='ocrx_word' id='word_1_123' title='bbox 779 1493 1005 1553; x_wconf 89' lang='lat' dir='ltr'><strong>aestimationem</strong></span> <span class='ocrx_word' id='word_1_124' title='bbox 1020 1507 1087 1570; x_wconf 90' lang='lat' dir='ltr'><strong>pos·</strong></span> 
     </span>
     <span class='ocr_line' id='line_1_17' title="bbox 99 1574 1177 1655; baseline -0.005 -18"><span class='ocrx_word' id='word_1_125' title='bbox 99 1575 273 1651; x_wconf 87' lang='lat' dir='ltr'><strong>sessionum,</strong></span> <span class='ocrx_word' id='word_1_126' title='bbox 290 1576 386 1653; x_wconf 89' lang='lat' dir='ltr'><strong>quanti</strong></span> <span class='ocrx_word' id='word_1_127' title='bbox 403 1593 534 1654; x_wconf 89' lang='lat' dir='ltr'><strong>quasque</strong></span> <span class='ocrx_word' id='word_1_128' title='bbox 548 1584 614 1635; x_wconf 89' lang='lat' dir='ltr'><strong>ante</strong></span> <span class='ocrx_word' id='word_1_129' title='bbox 629 1574 716 1634; x_wconf 87' lang='lat' dir='ltr'><strong>civile</strong></span> <span class='ocrx_word' id='word_1_130' title='bbox 736 1574 843 1635; x_wconf 88' lang='lat' dir='ltr'><strong>bellum</strong></span> <span class='ocrx_word' id='word_1_131' title='bbox 858 1582 1088 1655; x_wconf 75' lang='lat' dir='ltr'><strong>comparassent,</strong></span> <span class='ocrx_word' id='word_1_132' title='bbox 1175 1590 1177 1593; x_wconf 87' lang='lat'>·</span> 
     </span>
     <span class='ocr_line' id='line_1_18' title="bbox 98 1658 1088 1737; baseline -0.003 -17"><span class='ocrx_word' id='word_1_133' title='bbox 98 1659 221 1720; x_wconf 86' lang='lat' dir='ltr'><strong>deducto</strong></span> <span class='ocrx_word' id='word_1_134' title='bbox 243 1675 369 1718; x_wconf 86' lang='lat' dir='ltr'><strong>summae</strong></span> <span class='ocrx_word' id='word_1_135' title='bbox 391 1659 467 1720; x_wconf 90' lang='lat' dir='ltr'><strong>aeris</strong></span> <span class='ocrx_word' id='word_1_136' title='bbox 487 1658 590 1735; x_wconf 90' lang='lat' dir='ltr'><strong>alieni,</strong></span> <span class='ocrx_word' id='word_1_137' title='bbox 612 1659 637 1718; x_wconf 89' lang='lat' dir='ltr'><strong>si</strong></span> <span class='ocrx_word' id='word_1_138' title='bbox 657 1659 725 1737; x_wconf 89' lang='lat' dir='ltr'><strong>quid</strong></span> <span class='ocrx_word' id='word_1_139' title='bbox 745 1677 849 1719; x_wconf 88' lang='lat' dir='ltr'><strong>usurae</strong></span> <span class='ocrx_word' id='word_1_140' title='bbox 865 1661 978 1720; x_wconf 89' lang='lat' dir='ltr'><strong>nomine</strong></span> <span class='ocrx_word' id='word_1_141' title='bbox 991 1676 1088 1718; x_wconf 88' lang='lat' dir='ltr'><strong>nume·</strong></span> 
     </span>
     <span class='ocr_line' id='line_1_19' title="bbox 97 1742 1089 1821; baseline -0.005 -17"><span class='ocrx_word' id='word_1_142' title='bbox 97 1752 188 1804; x_wconf 84' lang='lat' dir='ltr'><strong>ratum</strong></span> <span class='ocrx_word' id='word_1_143' title='bbox 212 1750 259 1802; x_wconf 90' lang='lat' dir='ltr'><strong>aut</strong></span> <span class='ocrx_word' id='word_1_144' title='bbox 280 1743 471 1821; x_wconf 88' lang='lat' dir='ltr'><strong>perscriptum</strong></span> <span class='ocrx_word' id='word_1_145' title='bbox 490 1742 608 1811; x_wconf 67' lang='lat' dir='ltr'><strong>fuissem</strong></span> <span class='ocrx_word' id='word_1_146' title='bbox 630 1759 686 1820; x_wconf 88' lang='lat' dir='ltr'><strong>qua</strong></span> <span class='ocrx_word' id='word_1_147' title='bbox 708 1742 879 1802; x_wconf 87' lang='lat' dir='ltr'><strong>condicione</strong></span> <span class='ocrx_word' id='word_1_148' title='bbox 902 1751 1003 1821; x_wconf 91' lang='lat' dir='ltr'><strong>quarta</strong></span> <span class='ocrx_word' id='word_1_149' title='bbox 1020 1758 1089 1820; x_wconf 88' lang='lat' dir='ltr'><strong>pars</strong></span> 
     </span>
     <span class='ocr_line' id='line_1_20' title="bbox 98 1822 1090 1910; baseline -0.008 -21"><span class='ocrx_word' id='word_1_150' title='bbox 98 1828 162 1889; x_wconf 88' lang='lat' dir='ltr'><strong>lere</strong></span> <span class='ocrx_word' id='word_1_151' title='bbox 182 1824 284 1884; x_wconf 88' lang='lat' dir='ltr'><strong>crediti</strong></span> <span class='ocrx_word' id='word_1_152' title='bbox 303 1824 463 1905; x_wconf 89' lang='lat' dir='ltr'><strong>deperibat.</strong></span> <span class='ocrx_word' id='word_1_153' title='bbox 500 1822 610 1885; x_wconf 81' lang='lat' dir='ltr'><strong>(iuncta</strong></span> <span class='ocrx_word' id='word_1_154' title='bbox 634 1824 778 1903; x_wconf 88' lang='lat' dir='ltr'><strong>collegia,</strong></span> <span class='ocrx_word' id='word_1_155' title='bbox 800 1833 917 1904; x_wconf 87' lang='lat' dir='ltr'><strong>praeter</strong></span> <span class='ocrx_word' id='word_1_156' title='bbox 935 1826 1090 1910; x_wconf 81' lang='lat' dir='ltr'><strong>antiquitus</strong></span> 
     </span>
     <span class='ocr_line' id='line_1_21' title="bbox 62 1908 1089 1987; baseline -0.001 -20"><span class='ocrx_word' id='word_1_157' title='bbox 62 1926 90 1967; x_wconf 87' lang='lat' dir='ltr'><strong>ao</strong></span> <span class='ocrx_word' id='word_1_158' title='bbox 102 1910 271 1986; x_wconf 90' lang='lat' dir='ltr'><strong>constituta,</strong></span> <span class='ocrx_word' id='word_1_159' title='bbox 295 1908 435 1969; x_wconf 83' lang='lat' dir='ltr'><strong>distraxit.</strong></span> <span class='ocrx_word' id='word_1_160' title='bbox 465 1908 755 1969; x_wconf 84' lang='lat' dir='ltr'><strong>Poenas-facinorum</strong></span> <span class='ocrx_word' id='word_1_161' title='bbox 774 1909 866 1978; x_wconf 87' lang='lat' dir='ltr'><strong>auxit;</strong></span> <span class='ocrx_word' id='word_1_162' title='bbox 887 1917 995 1968; x_wconf 91' lang='lat' dir='ltr'><strong>etcum</strong></span> <span class='ocrx_word' id='word_1_163' title='bbox 1010 1909 1089 1987; x_wconf 82' lang='lat' dir='ltr'><strong>locu·</strong></span> 
     </span>
     <span class='ocr_line' id='line_1_22' title="bbox 99 1990 1089 2075; baseline -0.004 -22"><span class='ocrx_word' id='word_1_164' title='bbox 99 1995 196 2075; x_wconf 87' lang='lat' dir='ltr'><strong>pletes</strong></span> <span class='ocrx_word' id='word_1_165' title='bbox 211 2008 248 2052; x_wconf 92' lang='lat' dir='ltr'><strong>eo</strong></span> <span class='ocrx_word' id='word_1_166' title='bbox 264 1991 380 2053; x_wconf 86' lang='lat' dir='ltr'><strong>lucilius</strong></span> <span class='ocrx_word' id='word_1_167' title='bbox 394 1991 555 2053; x_wconf 86' lang='lat' dir='ltr'><strong>scelerose</strong></span> <span class='ocrx_word' id='word_1_168' title='bbox 572 1992 748 2072; x_wconf 82' lang='lat' dir='ltr'><strong>obligarent,</strong></span> <span class='ocrx_word' id='word_1_169' title='bbox 774 1992 852 2072; x_wconf 91' lang='lat' dir='ltr'><strong>quod</strong></span> <span class='ocrx_word' id='word_1_170' title='bbox 862 1993 991 2070; x_wconf 77' lang='lat' dir='ltr'><strong>integris</strong></span> <span class='ocrx_word' id='word_1_171' title='bbox 1004 1990 1089 2071; x_wconf 89' lang='lat' dir='ltr'><strong>patri·</strong></span> 
     </span>
     <span class='ocr_line' id='line_1_23' title="bbox 97 2074 1088 2156; baseline -0.004 -18"><span class='ocrx_word' id='word_1_172' title='bbox 97 2078 201 2138; x_wconf 89' lang='lat' dir='ltr'><strong>moniis</strong></span> <span class='ocrx_word' id='word_1_173' title='bbox 216 2075 384 2153; x_wconf 86' lang='lat' dir='ltr'><strong>exulabant,</strong></span> <span class='ocrx_word' id='word_1_174' title='bbox 405 2077 581 2156; x_wconf 86' lang='lat' dir='ltr'><strong>parricidas,</strong></span> <span class='ocrx_word' id='word_1_175' title='bbox 604 2085 634 2137; x_wconf 92' lang='lat' dir='ltr'><strong>ut</strong></span> <span class='ocrx_word' id='word_1_176' title='bbox 650 2074 987 2152; x_wconf 53' lang='lat' dir='ltr'><strong>dissuasissemus</strong></span> <span class='ocrx_word' id='word_1_177' title='bbox 1002 2075 1088 2136; x_wconf 92' lang='lat' dir='ltr'><strong>omni·</strong></span> 
     </span>
     <span class='ocr_line' id='line_1_24' title="bbox 97 2158 1157 2240; baseline -0.003 -17"><span class='ocrx_word' id='word_1_178' title='bbox 97 2163 167 2238; x_wconf 89' lang='lat' dir='ltr'><strong>bus,</strong></span> <span class='ocrx_word' id='word_1_179' title='bbox 188 2160 317 2239; x_wconf 88' lang='lat' dir='ltr'><strong>reliquos</strong></span> <span class='ocrx_word' id='word_1_180' title='bbox 337 2158 450 2221; x_wconf 89' lang='lat' dir='ltr'><strong>dimidia</strong></span> <span class='ocrx_word' id='word_1_181' title='bbox 471 2170 554 2240; x_wconf 90' lang='lat' dir='ltr'><strong>parte</strong></span> <span class='ocrx_word' id='word_1_182' title='bbox 573 2160 711 2221; x_wconf 88' lang='lat' dir='ltr'><strong>multavit.</strong></span> <span class='ocrx_word' id='word_1_183' title='bbox 741 2160 789 2220; x_wconf 88' lang='lat' dir='ltr'><strong>lus</strong></span> <span class='ocrx_word' id='word_1_184' title='bbox 810 2160 1037 2221; x_wconf 87' lang='lat' dir='ltr'><strong>laboriosissime</strong></span> <span class='ocrx_word' id='word_1_185' title='bbox 1055 2166 1157 2222; x_wconf 70' lang='lat' dir='ltr'><strong>acto.</strong></span> 
     </span>
     <span class='ocr_line' id='line_1_25' title="bbox 98 2243 1090 2323; baseline -0.003 -17"><span class='ocrx_word' id='word_1_186' title='bbox 98 2244 284 2306; x_wconf 86' lang='lat' dir='ltr'><strong>severissime</strong></span> <span class='ocrx_word' id='word_1_187' title='bbox 300 2243 382 2303; x_wconf 82' lang='lat' dir='ltr'><strong>dixit.</strong></span> <span class='ocrx_word' id='word_1_188' title='bbox 414 2244 649 2323; x_wconf 87' lang='lat' dir='ltr'><strong>Repetundarum</strong></span> <span class='ocrx_word' id='word_1_189' title='bbox 665 2246 816 2305; x_wconf 83' lang='lat' dir='ltr'><strong>convictos</strong></span> <span class='ocrx_word' id='word_1_190' title='bbox 830 2246 915 2305; x_wconf 90' lang='lat' dir='ltr'><strong>etiarn</strong></span> <span class='ocrx_word' id='word_1_191' title='bbox 966 2243 1030 2304; x_wconf 90' lang='lat' dir='ltr'><strong>dine</strong></span> <span class='ocrx_word' id='word_1_192' title='bbox 1046 2261 1090 2303; x_wconf 89' lang='lat' dir='ltr'><strong>se·</strong></span> 
     </span>
     <span class='ocr_line' id='line_1_26' title="bbox 62 2328 1091 2409; baseline -0.002 -22"><span class='ocrx_word' id='word_1_193' title='bbox 62 2346 88 2387; x_wconf 84' lang='lat' dir='ltr'><strong>ac</strong></span> <span class='ocrx_word' id='word_1_194' title='bbox 99 2328 213 2389; x_wconf 89' lang='lat' dir='ltr'><strong>natorio</strong></span> <span class='ocrx_word' id='word_1_195' title='bbox 228 2329 342 2389; x_wconf 69' lang='lat' dir='ltr'><strong>mevit.</strong></span> <span class='ocrx_word' id='word_1_196' title='bbox 360 2328 479 2389; x_wconf 91' lang='lat' dir='ltr'><strong>Diremit</strong></span> <span class='ocrx_word' id='word_1_197' title='bbox 492 2332 606 2408; x_wconf 89' lang='lat' dir='ltr'><strong>nuptias</strong></span> <span class='ocrx_word' id='word_1_198' title='bbox 621 2331 761 2409; x_wconf 87' lang='lat' dir='ltr'><strong>praetorii</strong></span> <span class='ocrx_word' id='word_1_199' title='bbox 775 2331 844 2405; x_wconf 79' lang='lat' dir='ltr'><strong>viri,</strong></span> <span class='ocrx_word' id='word_1_200' title='bbox 868 2330 916 2406; x_wconf 91' lang='lat' dir='ltr'><strong>qui</strong></span> <span class='ocrx_word' id='word_1_201' title='bbox 950 2329 1091 2405; x_wconf 87' lang='lat' dir='ltr'><strong>igressam</strong></span> 
     </span>
     <span class='ocr_line' id='line_1_27' title="bbox 99 2410 1093 2492; baseline -0.006 -18"><span class='ocrx_word' id='word_1_202' title='bbox 99 2412 240 2474; x_wconf 84' lang='lat' dir='ltr'><strong>anuarito</strong></span> <span class='ocrx_word' id='word_1_203' title='bbox 263 2420 330 2491; x_wconf 88' lang='lat' dir='ltr'><strong>post</strong></span> <span class='ocrx_word' id='word_1_204' title='bbox 352 2411 466 2472; x_wconf 89' lang='lat' dir='ltr'><strong>biduum</strong></span> <span class='ocrx_word' id='word_1_205' title='bbox 488 2414 581 2473; x_wconf 85' lang='lat' dir='ltr'><strong>statim</strong></span> <span class='ocrx_word' id='word_1_206' title='bbox 601 2413 738 2490; x_wconf 88' lang='lat' dir='ltr'><strong>duxerat,</strong></span> <span class='ocrx_word' id='word_1_207' title='bbox 758 2414 888 2492; x_wconf 83' lang='lat' dir='ltr'><strong>quamuis</strong></span> <span class='ocrx_word' id='word_1_208' title='bbox 911 2414 974 2471; x_wconf 85' lang='lat' dir='ltr'><strong>siue</strong></span> <span class='ocrx_word' id='word_1_209' title='bbox 993 2410 1093 2489; x_wconf 88' lang='lat' dir='ltr'><strong>probri</strong></span> 
     </span>
     <span class='ocr_line' id='line_1_28' title="bbox 97 2492 1092 2576; baseline -0.007 -19"><span class='ocrx_word' id='word_1_210' title='bbox 97 2496 270 2573; x_wconf 86' lang='lat' dir='ltr'><strong>suspitione.</strong></span> <span class='ocrx_word' id='word_1_211' title='bbox 300 2495 523 2573; x_wconf 88' lang='lat' dir='ltr'><strong>Peregrinarum</strong></span> <span class='ocrx_word' id='word_1_212' title='bbox 543 2499 679 2557; x_wconf 87' lang='lat' dir='ltr'><strong>mercium</strong></span> <span class='ocrx_word' id='word_1_213' title='bbox 696 2498 825 2576; x_wconf 87' lang='lat' dir='ltr'><strong>portoria</strong></span> <span class='ocrx_word' id='word_1_214' title='bbox 842 2495 970 2555; x_wconf 88' lang='lat' dir='ltr'><strong>instituit.</strong></span> <span class='ocrx_word' id='word_1_215' title='bbox 1000 2492 1092 2552; x_wconf 83' lang='lat' dir='ltr'><strong>becti-</strong></span> 
     </span>
     <span class='ocr_line' id='line_1_29' title="bbox 99 2575 1094 2655; baseline -0.003 -16"><span class='ocrx_word' id='word_1_216' title='bbox 99 2597 199 2640; x_wconf 90' lang='lat' dir='ltr'><strong>carum</strong></span> <span class='ocrx_word' id='word_1_217' title='bbox 213 2596 310 2655; x_wconf 87' lang='lat' dir='ltr'><strong>usum,</strong></span> <span class='ocrx_word' id='word_1_218' title='bbox 330 2578 398 2639; x_wconf 90' lang='lat' dir='ltr'><strong>item</strong></span> <span class='ocrx_word' id='word_1_219' title='bbox 413 2580 612 2654; x_wconf 74' lang='lat' dir='ltr'><strong>conchyliatae</strong></span> <span class='ocrx_word' id='word_1_220' title='bbox 629 2581 720 2640; x_wconf 83' lang='lat' dir='ltr'><strong>vestis</strong></span> <span class='ocrx_word' id='word_1_221' title='bbox 742 2588 771 2639; x_wconf 92' lang='lat' dir='ltr'><strong>et</strong></span> <span class='ocrx_word' id='word_1_222' title='bbox 790 2579 1022 2654; x_wconf 88' lang='lat' dir='ltr'><strong>margaritarum,</strong></span> <span class='ocrx_word' id='word_1_223' title='bbox 1038 2575 1094 2636; x_wconf 90' lang='lat' dir='ltr'><strong>nisi</strong></span> 
     </span>
     <span class='ocr_line' id='line_1_30' title="bbox 98 2659 1193 2743; baseline -0.004 -20"><span class='ocrx_word' id='word_1_224' title='bbox 98 2664 191 2723; x_wconf 85' lang='lat' dir='ltr'><strong>certis</strong></span> <span class='ocrx_word' id='word_1_225' title='bbox 206 2664 339 2740; x_wconf 88' lang='lat' dir='ltr'><strong>personis</strong></span> <span class='ocrx_word' id='word_1_226' title='bbox 356 2672 385 2722; x_wconf 90' lang='lat' dir='ltr'><strong>et</strong></span> <span class='ocrx_word' id='word_1_227' title='bbox 400 2662 540 2723; x_wconf 89' lang='lat' dir='ltr'><strong>aetatibus</strong></span> <span class='ocrx_word' id='word_1_228' title='bbox 555 2679 667 2743; x_wconf 88' lang='lat' dir='ltr'><strong>perque</strong></span> <span class='ocrx_word' id='word_1_229' title='bbox 682 2671 780 2723; x_wconf 88' lang='lat' dir='ltr'><strong>certos</strong></span> <span class='ocrx_word' id='word_1_230' title='bbox 796 2661 874 2737; x_wconf 86' lang='lat' dir='ltr'><strong>dies,</strong></span> <span class='ocrx_word' id='word_1_231' title='bbox 897 2660 1010 2719; x_wconf 87' lang='lat' dir='ltr'><strong>ademit.</strong></span> <span class='ocrx_word' id='word_1_232' title='bbox 1040 2659 1091 2719; x_wconf 83' lang='lat' dir='ltr'><strong>be·</strong></span> <span class='ocrx_word' id='word_1_233' title='bbox 1191 2719 1193 2724; x_wconf 84' lang='grc'><strong>,</strong></span> 
     </span>
     <span class='ocr_line' id='line_1_31' title="bbox 58 2744 1092 2825; baseline -0.002 -20"><span class='ocrx_word' id='word_1_234' title='bbox 58 2764 168 2824; x_wconf 79' lang='lat' dir='ltr'><strong>segem</strong></span> <span class='ocrx_word' id='word_1_235' title='bbox 190 2746 358 2825; x_wconf 68' lang='lat' dir='ltr'><strong>praecipue,</strong></span> <span class='ocrx_word' id='word_1_236' title='bbox 370 2746 570 2825; x_wconf 84' lang='lat' dir='ltr'><strong>sumptuariam</strong></span> <span class='ocrx_word' id='word_1_237' title='bbox 596 2747 741 2821; x_wconf 87' lang='lat' dir='ltr'><strong>exercuit,</strong></span> <span class='ocrx_word' id='word_1_238' title='bbox 770 2744 919 2823; x_wconf 87' lang='lat' dir='ltr'><strong>dispesitis</strong></span> <span class='ocrx_word' id='word_1_239' title='bbox 939 2745 1017 2805; x_wconf 87' lang='lat' dir='ltr'><strong>circa</strong></span> <span class='ocrx_word' id='word_1_240' title='bbox 1036 2760 1092 2803; x_wconf 88' lang='lat' dir='ltr'><strong>ma·</strong></span> 
     </span>
     <span class='ocr_line' id='line_1_32' title="bbox 97 2825 1092 2907; baseline -0.002 -18"><span class='ocrx_word' id='word_1_241' title='bbox 97 2828 209 2889; x_wconf 90' lang='lat' dir='ltr'><strong>cellum</strong></span> <span class='ocrx_word' id='word_1_242' title='bbox 221 2825 404 2906; x_wconf 84' lang='lat' dir='ltr'><strong>custodibus,</strong></span> <span class='ocrx_word' id='word_1_243' title='bbox 422 2830 471 2907; x_wconf 92' lang='lat' dir='ltr'><strong>qui</strong></span> <span class='ocrx_word' id='word_1_244' title='bbox 485 2828 606 2896; x_wconf 88' lang='lat' dir='ltr'><strong>obsonia</strong></span> <span class='ocrx_word' id='word_1_245' title='bbox 623 2839 723 2889; x_wconf 89' lang='lat' dir='ltr'><strong>contra</strong></span> <span class='ocrx_word' id='word_1_246' title='bbox 739 2830 857 2891; x_wconf 84' lang='lat' dir='ltr'><strong>vetitum</strong></span> <span class='ocrx_word' id='word_1_247' title='bbox 873 2829 1029 2888; x_wconf 87' lang='lat' dir='ltr'><strong>retinerent</strong></span> <span class='ocrx_word' id='word_1_248' title='bbox 1043 2826 1092 2887; x_wconf 91' lang='lat' dir='ltr'><strong>de·</strong></span> 
     </span>
     <span class='ocr_line' id='line_1_33' title="bbox 96 2910 1094 2993; baseline -0.002 -20"><span class='ocrx_word' id='word_1_249' title='bbox 96 2922 309 2993; x_wconf 89' lang='lat' dir='ltr'><strong>portarentque</strong></span> <span class='ocrx_word' id='word_1_250' title='bbox 328 2912 429 2991; x_wconf 86' lang='lat' dir='ltr'><strong>adse,</strong></span> <span class='ocrx_word' id='word_1_251' title='bbox 450 2911 599 2976; x_wconf 82' lang='lat' dir='ltr'><strong>submissis</strong></span> <span class='ocrx_word' id='word_1_252' title='bbox 615 2928 824 2990; x_wconf 82' lang='lat' dir='ltr'><strong>nonnumquam</strong></span> <span class='ocrx_word' id='word_1_253' title='bbox 838 2910 989 2971; x_wconf 90' lang='lat' dir='ltr'><strong>lictoribus</strong></span> <span class='ocrx_word' id='word_1_254' title='bbox 1007 2920 1094 2990; x_wconf 83' lang='lat' dir='ltr'><strong>atque</strong></span> 
     </span>
     <span class='ocr_line' id='line_1_34' title="bbox 95 2994 1094 3077; baseline -0.003 -19"><span class='ocrx_word' id='word_1_255' title='bbox 95 2996 252 3074; x_wconf 88' lang='lat' dir='ltr'><strong>militibus,</strong></span> <span class='ocrx_word' id='word_1_256' title='bbox 271 2998 335 3077; x_wconf 93' lang='lat' dir='ltr'><strong>qui,</strong></span> <span class='ocrx_word' id='word_1_257' title='bbox 357 3000 381 3057; x_wconf 88' lang='lat' dir='ltr'><strong>si</strong></span> <span class='ocrx_word' id='word_1_258' title='bbox 409 3014 465 3076; x_wconf 89' lang='lat' dir='ltr'><strong>qua</strong></span> <span class='ocrx_word' id='word_1_259' title='bbox 479 2995 618 3067; x_wconf 81' lang='lat' dir='ltr'><strong>custodes</strong></span> <span class='ocrx_word' id='word_1_260' title='bbox 639 2996 826 3073; x_wconf 80' lang='lat' dir='ltr'><strong>fefellissent,</strong></span> <span class='ocrx_word' id='word_1_261' title='bbox 850 2997 906 3056; x_wconf 89' lang='lat' dir='ltr'><strong>iam</strong></span> <span class='ocrx_word' id='word_1_262' title='bbox 923 2994 1055 3075; x_wconf 87' lang='lat' dir='ltr'><strong>adposita</strong></span> <span class='ocrx_word' id='word_1_263' title='bbox 1076 3014 1094 3054; x_wconf 89' lang='lat' dir='ltr'><strong>e</strong></span> 
     </span>
     <span class='ocr_line' id='line_1_35' title="bbox 95 3079 954 3141; baseline -0.001 0"><span class='ocrx_word' id='word_1_264' title='bbox 95 3079 226 3141; x_wconf 88' lang='lat' dir='ltr'><strong>triclinio</strong></span> <span class='ocrx_word' id='word_1_265' title='bbox 240 3080 396 3141; x_wconf 82' lang='lat' dir='ltr'><strong>auferrent.</strong></span> <span class='ocrx_word' id='word_1_266' title='bbox 951 3084 954 3088; x_wconf 81' lang='grc'><em>’</em></span> 
     </span>
     <span class='ocr_line' id='line_1_36' title="bbox 56 3161 1137 3243; baseline -0.004 -18"><span class='ocrx_word' id='word_1_267' title='bbox 56 3182 83 3225; x_wconf 80' lang='lat' dir='ltr'><strong>at</strong></span> <span class='ocrx_word' id='word_1_268' title='bbox 161 3162 236 3225; x_wconf 86' lang='lat' dir='ltr'><strong>Nam</strong></span> <span class='ocrx_word' id='word_1_269' title='bbox 260 3164 297 3224; x_wconf 88' lang='lat' dir='ltr'><strong>dc</strong></span> <span class='ocrx_word' id='word_1_270' title='bbox 326 3164 453 3225; x_wconf 90' lang='lat' dir='ltr'><strong>ornanda</strong></span> <span class='ocrx_word' id='word_1_271' title='bbox 477 3163 700 3243; x_wconf 82' lang='lat' dir='ltr'><strong>instruendaque</strong></span> <span class='ocrx_word' id='word_1_272' title='bbox 721 3164 809 3242; x_wconf 83' lang='lat' dir='ltr'><strong>urbe,</strong></span> <span class='ocrx_word' id='word_1_273' title='bbox 836 3166 904 3225; x_wconf 89' lang='lat' dir='ltr'><strong>item</strong></span> <span class='ocrx_word' id='word_1_274' title='bbox 925 3163 962 3223; x_wconf 91' lang='lat' dir='ltr'><strong>de</strong></span> <span class='ocrx_word' id='word_1_275' title='bbox 988 3161 1137 3223; x_wconf 76' lang='lat' dir='ltr'><strong>tuendcil</strong></span> 
     </span>
     <span class='ocr_line' id='line_1_37' title="bbox 93 3245 1090 3328; baseline -0.006 -19"><span class='ocrx_word' id='word_1_276' title='bbox 93 3246 326 3327; x_wconf 88' lang='lat' dir='ltr'><strong>ampliandoque</strong></span> <span class='ocrx_word' id='word_1_277' title='bbox 349 3247 472 3328; x_wconf 90' lang='lat' dir='ltr'><strong>imperio</strong></span> <span class='ocrx_word' id='word_1_278' title='bbox 492 3247 574 3328; x_wconf 87' lang='lat' dir='ltr'><strong>plura</strong></span> <span class='ocrx_word' id='word_1_279' title='bbox 596 3266 633 3309; x_wconf 91' lang='lat' dir='ltr'><strong>ac</strong></span> <span class='ocrx_word' id='word_1_280' title='bbox 651 3250 761 3310; x_wconf 91' lang='lat' dir='ltr'><strong>maiora</strong></span> <span class='ocrx_word' id='word_1_281' title='bbox 780 3250 811 3308; x_wconf 88' lang='lat' dir='ltr'><strong>in</strong></span> <span class='ocrx_word' id='word_1_282' title='bbox 831 3248 895 3309; x_wconf 90' lang='lat' dir='ltr'><strong>dies</strong></span> <span class='ocrx_word' id='word_1_283' title='bbox 918 3245 1090 3307; x_wconf 89' lang='lat' dir='ltr'><strong>destinabat:</strong></span> 
     </span>
     <span class='ocr_line' id='line_1_38' title="bbox 92 3329 1091 3411; baseline -0.006 -20"><span class='ocrx_word' id='word_1_284' title='bbox 92 3333 124 3391; x_wconf 90' lang='lat' dir='ltr'><strong>in</strong></span> <span class='ocrx_word' id='word_1_285' title='bbox 141 3331 247 3411; x_wconf 87' lang='lat' dir='ltr'><strong>primis</strong></span> <span class='ocrx_word' id='word_1_286' title='bbox 258 3330 358 3393; x_wconf 85' lang='lat' dir='ltr'><strong>Martis</strong></span> <span class='ocrx_word' id='word_1_287' title='bbox 372 3330 524 3410; x_wconf 91' lang='lat' dir='ltr'><strong>templum,</strong></span> <span class='ocrx_word' id='word_1_288' title='bbox 541 3340 675 3411; x_wconf 90' lang='lat' dir='ltr'><strong>quantum</strong></span> <span class='ocrx_word' id='word_1_289' title='bbox 685 3350 824 3411; x_wconf 85' lang='lat' dir='ltr'><strong>nusquam</strong></span> <span class='ocrx_word' id='word_1_290' title='bbox 837 3339 933 3407; x_wconf 83' lang='lat' dir='ltr'><strong>esset,</strong></span> <span class='ocrx_word' id='word_1_291' title='bbox 947 3329 1091 3401; x_wconf 80' lang='lat' dir='ltr'><strong>extruere,</strong></span> 
     </span>
    </p>
   </div>
   <div class='ocr_carea' id='block_1_3' title="bbox 90 3408 1094 3558">
    <p class='ocr_par' dir='ltr' id='par_1_3' title="bbox 90 3408 1094 3558">
     <span class='ocr_line' id='line_1_39' title="bbox 90 3408 1094 3558; baseline -0.007 -83"><span class='ocrx_word' id='word_1_292' title='bbox 90 3415 217 3496; x_wconf 90' lang='lat' dir='ltr'><strong>repleto</strong></span> <span class='ocrx_word' id='word_1_293' title='bbox 232 3422 262 3475; x_wconf 88' lang='lat' dir='ltr'><strong>et</strong></span> <span class='ocrx_word' id='word_1_294' title='bbox 281 3415 455 3494; x_wconf 86' lang='lat' dir='ltr'><strong>conplanato</strong></span> <span class='ocrx_word' id='word_1_295' title='bbox 470 3414 551 3493; x_wconf 81' lang='lat' dir='ltr'><strong>laetu,</strong></span> <span class='ocrx_word' id='word_1_296' title='bbox 565 3416 602 3477; x_wconf 66' lang='lat' dir='ltr'><strong>‘iu</strong></span> <span class='ocrx_word' id='word_1_297' title='bbox 617 3433 676 3496; x_wconf 90' lang='lat' dir='ltr'><strong>quc</strong></span> <span class='ocrx_word' id='word_1_298' title='bbox 697 3416 891 3558; x_wconf 62' lang='lat' dir='ltr'><strong>uaumacbiqq</strong></span> <span class='ocrx_word' id='word_1_299' title='bbox 898 3408 1094 3493; x_wconf 85' lang='lat' dir='ltr'><strong>spectaculum</strong></span> 
     </span>
    </p>
   </div>
   <div class='ocr_carea' id='block_1_4' title="bbox 0 0 1252 3775">
    <p class='ocr_par' dir='ltr' id='par_1_4' title="bbox 0 0 1252 3775">
     <span class='ocr_line' id='line_1_40' title="bbox 0 0 1252 3775; baseline 0 0"><span class='ocrx_word' id='word_1_300' title='bbox 0 0 1252 3775; x_wconf 95' lang='lat' dir='ltr'><strong> </strong></span> 
     </span>
    </p>
   </div>
  </div>
 </body>
</html>
