2475 3775
128 123 200 186 (148
244 133 639 193 c.sonn0u1rnnno.nn
655 133 738 181 vura
754 113 1020 212 onusnnuunre.
1033 135 1066 183 v.
1098 167 1102 173 .

137 291 186 369 pia
206 286 335 350 decrerit
357 295 386 347 et
407 286 567 348 Germanici
592 305 756 365 cognomen
779 289 834 366 ipsi
857 289 1041 368 posterisque
1063 289 1132 349 eius.

136 373 246 452 Euisse'
257 381 350 432 antem
365 370 491 430 creditur
504 388 561 431 non
577 372 669 432 minus
684 371 908 451 gloriosiqnam
926 372 1020 432 civilis
1036 374 1131 443 animi,

136 476 202 517 nam
216 457 353 517 exboste
367 456 616 533 superaictorias
637 457 731 534 opima
752 473 869 534 quoque
885 457 980 535 spolia
1001 465 1132 535 captasse

137 558 305 620 summoque
326 541 443 618 saepius
462 539 627 600 discrimine
649 539 738 600 duces
760 539 966 600 Germanorum
990 547 1050 600 tota
1072 543 1132 600 acie

136 627 309 694 insectatum
341 641 397 683 nee
423 622 618 684 dissimulasse
644 641 775 702 umquam
806 624 955 703 pristinum
980 642 1013 683 se
1038 626 1081 684 rei
1103 643 1154 704 ps

137 718 256 785 statum,
286 707 458 789 quandoque
489 717 606 786 posset,
638 710 844 768 restituturum.
887 708 972 769 Unde
1002 709 1132 776 existimo
1161 777 1162 784 ι

136 793 292 870 nonnullos
309 790 425 852 tradere
446 809 550 868 ausos,
581 800 747 870 suspectum
775 810 839 852 eum
862 791 995 869 Augusto
1016 807 1132 866 reuoca·

136 887 252 955 tumque
273 895 312 936 ex
332 876 483 954 provincia
510 885 540 934 et
561 877 628 954 quia
649 884 848 952 cunctaretur,
875 877 1065 954 interceptum
1087 893 1133 936 ve·

136 976 222 1031 neno.
271 957 356 1034 Quod
389 958 521 1037 equidem
550 961 643 1036 magis
673 979 710 1019 ne
739 961 1000 1039 praetermitterem
1028 959 1133 1035 rettuli,

137 1061 222 1122 quam
248 1044 315 1122 qnia
345 1061 446 1102 verum
473 1051 524 1102 aut
545 1046 608 1102 veri
640 1044 731 1104 simile
760 1051 873 1121 putem,
896 1061 963 1103 cum
988 1042 1166 1121 Augustusne

135 1135 216 1187 tanto
232 1143 325 1205 opere
345 1136 375 1186 et
394 1128 491 1187 rivum
505 1126 654 1204 dilexerit,
684 1136 714 1186 ut
735 1126 911 1187 coheredem
931 1145 1046 1207 semper
1069 1127 1134 1187 liliis

135 1211 304 1286 instituerit,
334 1212 407 1271 sicut
428 1210 571 1289 quondam
593 1213 622 1270 in
644 1219 745 1270 senatu
767 1211 920 1290 professus
944 1221 1003 1287 est,
1034 1219 1062 1270 et
1087 1210 1134 1270 de·

135 1295 263 1355 iunctum
283 1296 322 1355 ita
342 1313 396 1374 pro
417 1296 559 1354 concione
581 1295 757 1374 laudaverit,
790 1304 821 1354 ut
841 1295 913 1355 dees
931 1302 1066 1375 precatus
1090 1296 1135 1370 sit,

135 1379 252 1439 similes
266 1379 297 1439 ee·
312 1377 467 1441 Caesares
492 1396 568 1439 suos
581 1378 740 1456 sorerem,
763 1377 883 1458 cibique
897 1385 960 1438 tom
979 1377 1136 1448 honesturn

81 1499 83 1503 .
136 1463 321 1542 quaudoque
332 1464 454 1524 ‚scitura
470 1463 584 1522 dorent
597 1479 689 1542 quam
705 1463 753 1524 illd
771 1463 936 1524 dedissent.
980 1461 1044 1522 Nec
1068 1479 1168 1522 con-rs

135 1554 230 1606 tentus
261 1546 387 1623 elogium
414 1547 521 1607 tumulo
549 1549 612 1606 cius
640 1546 773 1607 versibus
800 1566 816 1608 a
842 1565 875 1606 se
901 1546 1071 1626 compositis
1096 1547 1136 1604 in·

136 1630 314 1707 sculpsisse,
341 1633 425 1690 ctiam
440 1633 515 1691 vitae
531 1633 697 1693 memoriam
714 1649 802 1710 prosu
818 1632 949 1690 oratione
966 1631 1136 1708 composuit.

195 1713 241 1773 Ex
257 1713 382 1775 Antonia
398 1717 508 1774 minore
531 1715 697 1793 complures
716 1715 833 1794 quidem
850 1714 961 1774 liberos
981 1713 1060 1788 tulit,
1088 1727 1137 1772 ve-

102 1817 196 1944 2rum
215 1807 276 1857 tres
298 1801 412 1858 omnino
429 1799 563 1878 reliquit.
584 1799 796 1875 Germanicum,
821 1798 961 1874 Lindiam,
978 1795 1138 1858 Glaudinm.

171 1862 335 1944 Clabdius
350 1892 433 1945 natus
448 1894 493 1947 est
505 1883 579 1945 lulio
597 1883 743 1962 Antonio,
773 1881 866 1944 Fabio
882 1881 1021 1943 Africano
1039 1899 1136 1941 conss.
1148 1901 1173 1943 ιι
1219 1908 1220 1947 ι

102 1892 181 2028 2lll.
203 1966 278 2043 Aug
295 1967 459 2045 Luguduni,
493 1986 529 2028 eo
548 1970 615 2047 ipso
643 1969 689 2029 die
710 1930 773 2046 ιιίιο
801 1969 921 2046 primum
943 1985 992 2027 ara
1018 1965 1058 2024 ibi
1080 1965 1139 2024 Au·
1219 1970 1220 1975 ’

135 2059 242 2126 gusto
238 2050 371 2111 dedicata
394 2061 453 2128 est,
477 2053 699 2130 appellatusque
717 2052 850 2113 'liberius
867 2050 1003 2112 Claudius
1017 2049 1140 2109 Drusus.

134 2132 203 2193 llox
222 2134 312 2192 fratre
331 2136 440 2194 maiore
461 2134 490 2193 in
508 2134 608 2195 Iuliam
633 2135 769 2196 familiam
794 2135 947 2215 adoptato,
975 2134 1141 2195 Germanici

135 2222 300 2291 cognomen
315 2220 476 2316 assumpsit
519 2218 617 2279 lnians
633 2228 727 2279 autem
742 2219 861 2280 relictus
879 2238 895 2279 a
909 2227 1008 2297 patre
1035 2234 1071 2277 ac
1085 2235 1142 2295 per

135 2317 219 2359 omne
236 2300 300 2359 iere
316 2302 457 2378 pueritiae
473 2310 559 2380 atque
575 2302 792 2363 adulescentiae
806 2311 920 2383 tempus
935 2304 1022 2361 variis
1047 2309 1077 2360 et
1096 2310 1140 2359 te·
1150 2319 1174 2359 ns

133 2382 274 2443 nacibus
283 2382 391 2443 morbis
421 2385 602 2445 condictatus
629 2396 690 2463 est,
723 2388 796 2447 adeo
823 2396 853 2447 ut
879 2388 973 2445 animo
1003 2384 1087 2444 simul
1112 2392 1143 2443 et

135 2486 269 2569 corpore
276 2467 428 2545 bebetato,
459 2488 494 2529 ne
517 2486 677 2548 progressa
681 2431 815 2550 quidem
837 2478 932 2531 aetate
948 2470 999 2529 ulli
1019 2467 1141 2547 publico
1219 2520 1220 2531 ,

134 2554 311 2632 privatoque
333 2556 443 2613 muneri
465 2552 570 2614 habilis
596 2556 828 2615 existimaretur.
862 2554 917 2613 Diu
939 2562 1026 2631 atque
1053 2552 1143 2612 etiam

134 2645 203 2713 post
217 2639 334 2698 tutelam
352 2648 501 2717 receptam
518 2638 605 2699 alieni
626 2636 735 2699 arbitrii
751 2648 780 2699 et
802 2638 854 2698 sub
872 2637 1049 2716 paedagogo
1070 2635 1142 2702 iuit;

135 2734 219 2795 quem
239 2720 391 2781 barbarum
411 2718 529 2783 etssolim
549 2724 836 2821 superiumentarium
858 2740 896 2781 ex
918 2720 1060 2780 industria
1084 2718 1177 2777 sitin

134 2805 310 2880 appositum,
327 2815 372 2865 ut
386 2824 418 2865 se
435 2806 664 2886 quibuscumque
686 2807 722 2866 de
749 2808 843 2867 causis
867 2821 952 2884 qnam
968 2804 1145 2865 saevissime

135 2895 305 2961 coerceret,
334 2890 399 2965 ipse
416 2891 539 2968 quodum
557 2891 660 2951 libello
677 2892 873 2969 conqueritur
918 2889 962 2949 Ob
980 2888 1056 2949 banc
1073 2904 1144 2946 ean·

134 2966 199 3025 dem
225 2930 408 3031 valitbdinem
434 2982 463 3032 et
490 2975 663 3052 gladiatorio
691 2992 840 3050 munere,
858 2973 935 3052 quod
961 2972 1046 3039 simul
1077 2988 1145 3055 cum

133 3050 224 3109 fratre
238 3056 393 3114 memoriae
409 3059 498 3132 patris
520 3058 641 3157 edebat,
673 3058 840 3135 palliolatus
854 3074 932 3117 novo
955 3074 1038 3116 more
1055 3044 1144 3133 prae·

134 3134 223 3203 sedit;
243 3144 272 3194 et
287 3144 375 3213 togae
390 3140 480 3198 virilis
497 3141 543 3200 die
562 3143 640 3201 circa
655 3141 777 3201 mediam
792 3150 908 3202 noctem
924 3142 986 3200 siue
1003 3136 1143 3199 sollemni
1153 3146 1177 3187 3⁵

100 3218 233 3280 tellicio
262 3219 403 3279 lectica'
395 3238 424 3277 ιι
444 3220 621 3301 Capitolium
651 3226 724 3285 latus
750 3234 804 3285 est.
847 3224 1018 3304 Disciplinis
1044 3231 1144 3283 tamen
1219 3270 1220 3293 ι

74 3302 302 3379 liberalibus
324 3303 360 3362 ab
378 3312 473 3363 aetate
489 3308 578 3405 prima
605 3326 663 3368 non
679 3308 856 3370 mediocrem
872 3326 992 3387 operam
1008 3306 1091 3367 dedit
1107 3319 1169 3363 ac

134 3403 225 3464 saepe
255 3388 453 3487 experimenta
481 3391 619 3471 cuiusque
645 3394 731 3452 etiam
752 3392 919 3473 publicavit
965 3392 1077 3452 Verum
1105 3402 1145 3447 ne

123 3649 162 3701 k
