2475 3775
554 159 658 210 rusno.
972 152 976 164 ‘
1046 156 1104 218 rol

52 363 57 369 .
109 314 190 391 nior,
210 312 356 374 Britannia
373 314 570 394 Armeniaque
584 314 690 378 amissa
705 333 743 376 ac
761 335 862 380 nurus
881 328 1003 400 utraque
1022 340 1107 384 rece·

110 407 169 478 pta,
185 396 350 458 defunctum
364 417 398 457 se
413 398 548 459 fatalibus
563 399 646 460 malis
662 401 853 464 existimabat.
885 404 925 464 Ut
938 422 1022 482 vero,
1038 423 1106 468 cou-

110 483 186 543 sulto
201 481 326 561 Delphis
344 482 502 562 Apolline,
527 486 794 562 septuagensimum
815 503 850 549 ac
869 487 983 562 testim
1004 507 1106 549 annum

110 565 269 630 cavendnm
289 566 345 626 sibi
364 566 487 644 audivit,
506 569 589 646 quasi
610 585 648 630 eo
670 568 781 630 demum
808 569 951 648 obiturus,
977 589 1013 632 ac
1038 561 1121 634 nilril⁸

82 651 280 713 sconiectans
298 651 335 711 de
358 659 452 712 aetate
467 649 596 728 Galbae,
619 661 695 714 tanta
717 652 821 716 fiducia
841 671 899 716 non
915 655 1002 716 modo
1024 673 1106 718 sene-

110 747 185 799 ctam
204 736 257 796 sed
279 735 364 796 etiam
385 745 554 815 perpetuam
573 737 808 817 singularemque
830 741 965 818 concepit
984 739 1110 822 felicita-⁸

108 832 185 897 tem,
206 829 238 880 nt
253 820 367 897 amissis
386 820 537 898 naufragio
553 822 770 900 pretiosissimis
783 821 873 886 rebus
886 841 944 884 non
958 818 1113 884 'dubitare-x

108 908 146 967 rit
159 907 235 967 inter
250 922 319 964 suos
335 903 450 982 dicere,
464 905 570 982 pisces
584 921 641 965 cas
655 903 719 967 sibi
730 907 898 968 relaturos.

169 987 295 1068 Neapoli
310 988 347 1050 de
360 998 440 1049 motu
451 989 607 1050 Galliarum
619 993 759 1067 cognorit
772 991 820 1052 die
834 993 899 1074 ipso
915 1009 972 1070 quo
987 1001 1108 1054 matrem

72 1096 100 1138 ro
111 1072 276 1151 occiderat,
300 1072 432 1151 adeoque
454 1074 533 1135 lente
554 1091 590 1134 ac
610 1091 715 1136 secure
733 1076 797 1136 talit
810 1085 840 1136 ut
854 1076 1007 1154 gaudentis
1022 1078 1109 1138 etiam

110 1158 301 1238 suspitionem
321 1156 491 1235 praeberet,
516 1167 659 1236 tamquam
681 1161 838 1220 occasione
857 1169 924 1222 nata
944 1158 1107 1240 spolianda·

109 1261 173 1305 runa
191 1243 253 1303 iure
273 1241 344 1302 belli
363 1241 648 1320 opulentissimarum
661 1245 887 1320 provinciarum
910 1247 1062 1323 statimque
1079 1245 1108 1302 in

37 1359 40 1364 -
110 1328 289 1406 gymnasium
302 1343 496 1404 progressus,
516 1326 654 1386 certantis
674 1323 798 1388 athletas
820 1327 992 1389 eliasissinno
1014 1327 1108 1390 studio
1149 1371 1153 1382 ,

111 1409 264 1492 spectauit.
295 1406 413 1470 (leenae
434 1425 551 1488 quoque
573 1418 705 1488 ternpore
730 1411 931 1490 interpellatus
956 1412 1108 1472 tumultuo-

70 1494 235 1564 15sioribus
253 1494 376 1569 litteris,
401 1493 543 1555 hacteuus
562 1492 736 1571 excanduit,
758 1503 789 1554 ut
809 1494 913 1554 mulum
935 1496 971 1554 iis
993 1496 1041 1573 qui
1059 1495 1107 1554 de-

111 1580 237 1642 scissent
259 1580 424 1638 minaretur.
466 1577 598 1656 Denique
621 1595 676 1658 per
697 1587 766 1638 octo
790 1581 941 1640 continuos
962 1578 1025 1639 dies
1051 1595 1109 1638 uon

70 1689 73 1694 ·
110 1662 277 1725 rescribere
294 1663 440 1740 cuiquam,
462 1679 520 1722 non
534 1661 670 1723 mandare
687 1661 756 1741 quid
770 1672 817 1724 aut
834 1663 1006 1742 praecipere
1022 1679 1108 1722 conn-

110 1759 174 1823 tus‚
196 1764 260 1808 rens
277 1746 393 1809 silentio
413 1745 602 1808 oblitteravit.
631 1744 742 1806 Edictis
762 1746 878 1808 tandern
893 1747 1024 1808 Vindicis
1041 1761 1150 1814 con-41

110 1831 272 1895 tumeliosis
287 1838 318 1890 et
335 1829 534 1909 frequentibus
554 1839 718 1910 permotas,
741 1839 870 1891 senatum
886 1831 1010 1909 epistula
1024 1831 1053 1889 iu
1069 1829 1109 1888 ul-

69 1938 99 1981 no
108 1920 218 1980 tionem
233 1917 277 1975 sni
293 1916 395 1994 reique
410 1914 547 1993 publicae
561 1914 729 1976 adhortatus
741 1924 797 1991 est,
813 1923 953 1975 excusato
967 1915 1110 1991 languore

108 2001 253 2076 faucium,
271 2009 395 2078 propter
409 2017 564 2078 queranou
581 1998 707 2060 adesset.
736 1998 815 2059 Niluil
837 2008 930 2060 autern
947 2015 1042 2076 aeque
1060 1996 1110 2057 do-

108 2086 180 2158 luit,
203 2102 287 2164 quam
310 2092 341 2144 ut
355 2084 460 2145 malam
479 2100 511 2143 se
528 2082 727 2145 citharoedum
744 2084 916 2163 increpitum
932 2102 966 2144 ac
982 2100 1037 2161 pro
1053 2079 1120 2141 Ne-‘v

108 2188 184 2235 rone
203 2167 411 2229 Aenobarbum
429 2168 617 2247 appellatum.
659 2166 698 2229 in
721 2186 826 2229 nomen
852 2167 971 2247 quidem
989 2165 1110 2244 gentile,

110 2250 190 2334 quod
214 2252 268 2313 sibi
289 2270 343 2331 per
358 2252 561 2315 contumeliam
583 2251 828 2331 exprobraretur,
852 2257 1062 2332 resumpturum
1077 2266 1110 2309 se

70 2338 264 2419 ssprolessus
281 2344 340 2415 est,
364 2336 500 2416 deposito
519 2336 673 2417 adoptivo,
696 2343 796 2399 cetera
817 2338 958 2413 concilia,
981 2345 1012 2394 ut
1026 2334 1110 2408 falsa,

109 2440 171 2483 nnn
186 2421 244 2482 alio
260 2430 430 2499 argumento
443 2420 619 2498 refellebat,
637 2439 721 2500 quarn
737 2419 815 2501 quod
831 2422 915 2482 ctiam
929 2420 1042 2479 inscitia
1056 2413 1112 2491 sibi

109 2514 192 2569 tanto
214 2522 306 2585 opere
329 2505 497 2567 elaboratae
517 2505 728 2584 perfectaeque
750 2522 766 2565 a
787 2522 821 2566 se
843 2506 912 2565 artis
936 2502 1111 2575 obiceretur,

110 2588 244 2667 singulos
265 2588 387 2649 subinde
402 2590 550 2665 rogitans,
570 2594 736 2649 nossentne
749 2604 930 2667 quemqnam
942 2588 1110 2663 praestan·

110 2675 230 2736 tionem.
273 2671 332 2732 Sed
354 2671 523 2749 urgentibus
540 2671 606 2731 aliis
627 2688 716 2749 super
741 2670 816 2729 alios
842 2668 964 2743 nuntiis,
989 2666 1111 2728 nonan

72 2776 101 2817 ao
111 2755 318 2840 praetrepidus
332 2754 434 2824 rediit;
450 2754 613 2831 leviterque
627 2754 714 2814 modo
729 2754 758 2813 iu
772 2754 875 2813 itinere
890 2751 998 2813 frivolo
1016 2752 1111 2829 auspi-

112 2846 161 2905 cio
178 2849 275 2902 mente
296 2848 445 2915 recreata,
469 2855 532 2898 cum
548 2837 715 2899 adnotasset
734 2836 908 2915 insculptum
928 2843 1111 2897 monumento

110 2927 230 3002 militem
245 2922 356 3009 Gallum
380 2923 416 2985 ab
440 2923 536 3002 equite
557 2922 593 2983 ll.
618 2938 794 3002 oppressum
813 2921 887 2983 trahi
908 2920 1051 2997 crinibus,
1075 2918 1112 2981 ad

111 3030 177 3075 earn
193 3009 323 3089 speciem
337 3008 438 3077 exiluit
453 3005 560 3085 gaudio
576 3007 746 3085 caelumque
761 3005 899 3069 adoravit.
929 3006 974 3068 Ac
989 3024 1026 3067 ne
1043 3013 1112 3063 tuuc

110 3095 228 3177 quidem
248 3102 298 3154 aut
318 3101 420 3155 senatu
434 3101 481 3153 aut
497 3091 610 3171 populo
630 3107 727 3153 corana
747 3090 913 3170 appellato,
937 3090 1078 3170 quosdam
1094 3104 1111 3147 e

73 3200 103 3243 ss
110 3178 287 3263 primoribus
308 3179 378 3239 viris
401 3177 515 3238 domum
534 3176 687 3253 evocavit,
707 3184 909 3254 transactaque
923 3176 1027 3255 raptim
1043 3189 1110 3232 con·

110 3265 284 3341 saltatione,
308 3263 449 3342 reliquam
463 3261 521 3323 diei
538 3270 648 3340 partem
664 3278 718 3339 per
735 3276 844 3338 organa
860 3259 1028 3335 hydraulica
1043 3254 1112 3315 novi

111 3359 143 3411 et
158 3351 251 3428 ignoti
265 3349 384 3425 generis
403 3344 608 3420 circumduxit,
631 3343 846 3423 ostendensque
862 3342 994 3420 singula,
1015 3338 1050 3399 de
1066 3354 1110 3397 ra·

111 3435 194 3496 tione
209 3452 245 3495 ac
259 3433 428 3495 difficaltate
442 3420 581 3509 adusque
595 3428 760 3508 disserens,
772 3429 836 3491 iona
852 3446 887 3489 se
899 3427 991 3489 etiarn
1000 3420 1109 3501 prola-
