2475 3775
463 178 670 229 PRAEFATIO.
890 182 1016 232 mvn

103 339 241 407 debatur,
259 344 372 394 secutus
388 354 448 394 sum
466 353 490 392 c.
507 354 549 408 gr.
566 337 595 391 in
617 336 777 395 scribendis
793 336 909 396 Graccis
926 356 1011 397 vocc-

103 422 178 478 bnlis
195 421 297 477 litteris
312 423 358 478 vel
377 422 491 477 Graecis
510 422 554 477 vul
570 415 726 494 latinis²⁸).

164 506 260 559 Restat
286 511 316 559 ut
341 504 528 561 adnotationis
557 504 673 559 criticae
700 504 837 561 rationem
864 521 1010 577 exponam.
1033 518 1154 581 amamus

103 587 238 644 Brevitati
255 594 285 642 ut
301 589 492 658 consulerem,
511 604 604 644 aarum
619 593 722 643 tantum
743 588 893 644 lectionum
915 596 1012 648 aucto·
1051 574 1132 613 “m'‘

104 670 203 726 ritates
219 671 356 743 apposui,
380 687 451 742 quac
472 672 517 727 vel
534 687 571 727 ex
592 670 673 727 libris
693 672 831 728 correctis
846 672 894 728 vel
910 689 945 728 cx
960 674 1011 730 do-

105 760 212 813 ctorum
230 754 369 811 bominum
385 754 547 810 coniectura
566 760 698 826 receptae
714 761 785 810 sunt.
831 754 910 811 Sciat
924 756 1012 827 igitur

104 839 197 893 lector
211 839 307 893 harum
322 854 413 893 rernm
430 838 588 907 studiosus,
611 838 659 905 ubi
673 837 743 893 nibil
759 839 916 895 adnotatum
932 839 1012 896 inva-

106 922 195 990 nerit,
215 920 403 977 Memmianum
430 920 537 976 aliosve
553 925 665 977 veteres
687 937 721 977 ac
737 922 827 977 bonos
849 923 939 978 libros
961 939 1013 979 no·

105 1004 213 1059 bissum
231 1004 405 1068 consentire;
425 1002 472 1060 ubi
494 1003 514 1067 ii
530 1003 627 1059 vitiosi
652 1019 717 1061 esso
731 1020 764 1060 ac
781 1005 944 1061 necessario
962 1006 1013 1061 de-

105 1087 403 1157 serendividcbantur,
411 1086 569 1142 nominatim
581 1086 729 1141 offerrivel
742 1087 869 1144 codicum
878 1104 953 1145 saec.
962 1088 1013 1144 XV

106 1172 152 1225 vel
175 1171 346 1241 grammatici
368 1170 486 1227 alicuius
509 1169 677 1242 posterioris
699 1170 929 1227 emendationem.
972 1173 1014 1229 lla

105 1255 221 1310 brevem
234 1254 370 1325 quendam
383 1254 532 1310 universae
545 1253 587 1309 rei
600 1253 717 1309 criticae
732 1260 911 1326 conspectum
926 1256 1015 1313 liabe-

106 1337 149 1395 bit
165 1343 194 1392 ct
209 1354 265 1393 non
279 1338 368 1393 miuus
383 1338 418 1393 de
432 1336 566 1393 librorum
581 1336 707 1393 bonitate
723 1353 802 1408 qnam
818 1338 853 1393 da
869 1338 1015 1395 doctorum

3 1462 5 1467 .
106 1420 248 1477 bominum
264 1437 318 1493 pci·
331 1426 460 1492 quattuor
478 1421 538 1476 lere
554 1420 668 1477 saccula
683 1420 791 1477 moritis
810 1420 934 1477 indicare
950 1428 1015 1493 pot·

107 1505 171 1559 erit.
216 1503 259 1559 Ab
280 1506 441 1560 laetamen
466 1502 669 1560 consuetudine
690 1520 890 1575 nonnumquam
905 1505 934 1560 in
949 1522 1016 1577 par·

106 1592 163 1643 tem
181 1593 210 1641 ut
224 1602 308 1659 spero
322 1588 461 1659 potiorem
475 1586 613 1656 discessi,
635 1587 674 1643 ita
688 1594 718 1642 ut
734 1594 763 1643 ct
775 1589 911 1645 bonorum
926 1588 1015 1645 libro·

107 1688 168 1726 rum
185 1685 265 1741 quam
280 1676 392 1727 secutus
409 1687 484 1726 aram
502 1671 695 1727 anctoritatem
716 1671 885 1743 appellarem
903 1678 932 1729 ct
947 1686 1015 1729 cou-

106 1754 243 1810 lecturam
259 1753 400 1824 ingeniosi
418 1754 509 1811 critici
526 1769 580 1810 non
596 1753 666 1809 satis
682 1760 786 1811 cartam
806 1771 858 1810 nac
873 1762 1015 1828 receptam

1 1832 6 1847 '
108 1853 363 1896 commemorarem.
911 1871 913 1875 =

170 1927 253 1994 4,17
275 1920 467 1994 irntmpbalem
489 1920 580 1976 Vatic.
598 1919 705 1974 Mamm.
728 1921 790 1976 bled
798 1927 824 1980 3.
845 1938 897 1993 pro
918 1924 1016 1978 triana

102 1997 1018 2080 pbalamrr'rum,cir.187,9.238‚6·248,4123d1pnationc

108 2091 227 2147 Ursinus
242 2081 302 2166 115,
318 2095 336 2148 4
355 2091 424 2145 etin
441 2088 621 2145 casaubonus
641 2079 878 2167 proscdinlld,
899 2088 1018 2148 161111-

109 2175 212 2231 manas
233 2172 446 2245 Oudendorpius
468 2163 482 2250 ΙΙ
502 2177 535 2242 8,
562 2179 578 2229 5
611 2171 847 2228 admimnranana
869 2172 1016 2229 codBasil.

109 2259 180 2316 Edd.
210 2257 245 2311 ab
270 2258 505 2313 administratione
530 2255 583 2311 cod
596 2253 673 2310 dart.
703 2254 788 2312 (iueli
799 2263 825 2315 1.
845 2261 871 2314 2.
901 2258 974 2312 bern
990 2262 1016 2314 l.

110 2358 162 2414 pro
197 2341 233 2396 ab
263 2343 459 2396 ministratione
500 2338 505 2411 Ι
541 2343 573 2397 19
611 2338 696 2394 Vettio
732 2340 831 2394 Iudice
861 2339 1019 2408 Lambinus,

109 2425 228 2482 Ursinus
258 2416 263 2500 Ι
292 2430 327 2484 32
351 2427 519 2480 ornarentur
539 2421 684 2478 Lambinus
707 2439 759 2495 pro
783 2423 982 2479 cremarentur
1004 2413 1018 2499 {l

111 2517 162 2579 lo,
177 2509 247 2569 3αά
266 2510 359 2580 cipinti
373 2502 555 2564 casaubonus
570 2521 623 2577 pro
645 2521 680 2560 ac
695 2507 788 2578 aptati
803 2498 809 2583 Ι
828 2513 861 2565 15
880 2507 1020 2561 inductam

1 2579 6 2596 ’
106 2593 298 2665 poenaanpr.
309 2591 393 2648 Gueli
397 2599 421 2650 1.
434 2591 543 2646 inclusit
551 2588 718 2661 Stephanus.
731 2590 841 2644 induxit
852 2588 965 2643 Veterani
968 2603 1018 2658 pr.

112 2676 239 2734 Ursinus.
261 2673 429 2732 satornana
442 2675 581 2728 inductam
593 2687 641 2742 pr.
657 2671 880 2742 Oudendorpius.
903 2670 1020 2725 antean

113 2760 271 2814 sabonsaoit
291 2759 406 2814 Vettium
425 2757 564 2812 inductam
585 2771 633 2826 pr.
652 2771 706 2827 cgo
726 2746 731 2832 Ι
751 2761 786 2814 30
800 2754 886 2809 cniva
900 2783 943 2795 -
960 2753 1019 2810 ido·

113 2959 181 3007 beat.
206 2956 348 3006 Addendus
360 2961 398 3004 cst
408 2951 577 3016 Hrascypolia
588 2949 675 2999 Thrax
687 2963 715 3014 p.
725 2945 783 3008 102,
794 2946 828 2999 30
840 2961 916 3012 quem
926 2945 1020 2994 librarii

112 3027 139 3075 in
153 3025 341 3090 Tbraacppoltm
352 3028 526 3089 corruperunt.
553 3018 677 3069 Varronis
692 3017 716 3066 is
732 3029 788 3066 mos
803 3016 850 3065 init
866 3016 942 3066 stiam
956 3015 1019 3065 alies

114 3095 278 3156 observatus,
295 3092 342 3142 cir.
364 3091 490 3167 Cornutus
505 3105 531 3154 p.
550 3085 618 3138 2285
634 3086 664 3134 P.
680 3085 825 3135 Priscianus
843 3084 908 3148 1,5,
927 3082 969 3163 25.

183 3160 232 3224 26)
243 3159 284 3212 Sic
297 3161 357 3211 dedi
365 3161 520 3224 paronniaco,-
537 3156 730 3218 Annonam,-
748 3153 883 3210 da'alactaa5
892 3159 975 3201 araus
987 3176 1020 3186 -

113 3233 269 3289 bolccleros,·
284 3227 466 3294 Tprrbern'con.¹
478 3223 708 3280 Carcbedona'aoon;
722 3217 1020 3275 Hecatebeleteasliato-

113 3305 152 3350 ain
173 3300 230 3353 itii.-
246 3305 343 3348 canaan
347 3315 358 3356 ;
377 3297 517 3362 clinopalen
534 3291 676 3343 absimilia.
715 3289 768 3340 Hac
784 3303 883 3354 quoque
901 3289 928 3336 in
943 3285 1021 3336 read

113 3376 230 3418 vetustos
245 3366 324 3417 libros
338 3365 496 3415 redeundum
505 3363 631 3420 existimo,
643 3374 702 3409 uam
713 3358 779 3425 apud
791 3365 899 3418 vetares,
910 3362 938 3405 ut
952 3352 1022 3418 apud

114 3450 162 3486 nos
169 3437 195 3485 in
202 3434 376 3486 immiscendis
385 3434 512 3484 vocabulis
520 3429 632 3489 Gallicis,
643 3425 853 3480 aliialiteriacsra
860 3428 1020 3476 consuerant.
