2475 3775
470 190 733 276 ιιιιιιιιιιιιιιι,η
942 184 967 216 '—
1025 179 1086 241 251

87 348 213 410 delatum
223 365 279 408 nec
291 323 484 424 infitiantem,
479 347 611 406 iactasse
626 365 659 406 se
676 365 750 426 quae
770 348 979 427 providisset
960 367 998 408 ex
1015 357 1095 430 arte,

23 494 24 501 ,
88 434 252 494 sciscitatus
269 441 329 509 est,
338 433 402 511 quis
417 433 510 511 ipsum
520 437 650 493 maneret
663 433 772 501 exitum
789 439 818 492 et
830 433 1028 532 affirmantem,
1042 435 1087 494 lo-

87 537 122 578 re
136 510 166 576 ιιι
179 516 262 576 brevi
277 517 457 576 laceraretur
473 535 490 576 a
505 515 640 593 canibus,
652 515 776 576 interfici
787 516 902 596 quidem
915 519 977 576 sine
996 535 1088 596 muru,

87 601 142 662 sed
156 601 193 660 aid
218 594 432 678 coarguendam
450 601 641 661 temeritatem
656 602 730 660 artis
754 601 876 700 sepeliri
908 607 1025 680 quoque
1041 615 1088 662 ac·

60 685 441 762 acuratissimeimperarit
474 684 559 760 Quod
572 703 636 744 cum
648 686 746 764 fieret
764 686 861 746 euenit
873 694 917 762 ut
936 687 1089 764 repentina

25 777 262 847 tempestate
279 767 394 828 deiecto
411 769 530 845 lunere,
552 771 719 829 semiustum
736 770 875 830 cadaver
886 731 1089 849 discerperent

87 871 194 929 cenes,
208 851 294 929 idque
307 850 335 924 ei
347 853 478 913 caenanti
489 850 728 930 amimubutino,
746 855 799 933 qui
811 856 991 934 praeteriens
1010 851 1088 914 lorte
1170 847 1173 853 ’

87 935 338 1013 animadverterat,
350 938 426 997 inter
437 945 553 997 ceteras
564 937 748 998 dieilabulas
759 935 929 999 referretur.
984 935 986 950 '
1043 951 1046 954 ·

151 1019 246 1082 Pridie
261 1037 344 1099 quam
354 1022 474 1099 periret,
487 1039 551 1081 cum
563 1021 679 1082 oblatos
691 1023 809 1083 tuberes
827 1024 939 1084 servari
956 1024 1131 1090 iussissetlo

50 1108 115 1170 min
129 1107 293 1204 crastinum,
307 1105 426 1166 adiecit.
442 1103 481 1166 Si
497 1105 589 1168 modo
604 1107 651 1166 uti
669 1106 808 1168 licumdt!
826 1117 855 1167 et
874 1125 1033 1168 conuersus
1052 1107 1089 1168 ud

87 1191 236 1269 proximos
248 1189 411 1268 allirmauit,
422 1189 494 1279 fore
505 1195 541 1250 ut
552 1191 690 1270 sequenti
704 1191 753 1252 die
767 1191 842 1252 lucu
856 1207 891 1252 ee
903 1193 938 1254 iu
954 1191 1088 1272 aquario

87 1279 264 1348 mactaret
274 1272 452 1354 factumque
462 1258 591 1352 dliquod
600 1275 757 1351 existeret,
770 1274 808 1334 de
820 1292 880 1354 quo
893 1277 1093 1354 loqueremtur

23 1388 25 1392 >
87 1358 225 1419 hommes
232 1375 293 1437 per
308 1364 464 1418 terrorum
473 1355 588 1418 orbern.
609 1358 649 1418 At
658 1356 1006 1419 crrcamedramnoctem
998 1369 1036 1419 ιιι
1044 1369 1089 1418 est

87 1444 335 1518 exterminante
341 1448 431 1501 strato
444 1435 603 1522 prosiliret.
631 1433 743 1503 Dehinc
754 1460 837 1503 mane
854 1441 1038 1542 haruspicem
1051 1461 1090 1502 ex

38 1547 78 1606 ιιι
88 1526 240 1589 Germania
254 1527 382 1602 missum,
395 1528 450 1605 qui
436 1526 605 1586 consultus
617 1525 653 1586 de
664 1525 780 1610 lnlgnre
797 1527 981 1588 mutationem
992 1531 1089 1587 re'rum

85 1610 286 1692 praedixerat,
311 1610 399 1671 audiit
415 1611 693 1694 condemnavitqne;
710 1629 744 1672 ac
763 1611 828 1670 dum
845 1605 1068 1674 exulceratam'
1059 1627 1089 1670 ιιι

84 1697 182 1758 ironte
203 1712 355 1754 verrucam
378 1694 576 1759 vehementius
598 1696 722 1774 scalpit,
748 1696 912 1775 prolluente
937 1697 1088 1774 sangnine,

87 1777 213 1840 Utinam
228 1778 318 1856 inqult
337 1778 504 1858 baeterrae!
532 1779 612 1839 'lunc
631 1779 719 1839 boras
731 1781 890 1859 requirenti
907 1798 961 1860 pro
981 1783 1087 1860 quinta,

86 1881 174 1943 quam
189 1859 351 1939 metuebat,
372 1871 458 1923 sexta
476 1881 515 1923 ex
533 1857 672 1923 industria
693 1866 820 1925 nuntiata
841 1872 896 1924 est.
939 1863 992 1924 llis
1008 1862 1089 1923 velut

51 1956 233 2009 aotransecto
246 1948 302 2005 iam
315 1946 445 2025 periculo
459 1947 565 2008 laetum
567 1949 830 2027 ,festinantemque
841 1948 878 2009 ad
890 1950 1025 2049 corporis
1042 1965 1088 2006 cu-

85 2050 148 2091 ram
159 2030 329 2090 Parthenius
342 2029 476 2092 cubiculo
489 2034 679 2112 praepositus
688 2034 847 2110 convertit,
865 2034 996 2094 nuntians
1009 2048 1088 2107 esse,

86 2118 135 2193 qni
146 2132 281 2191 magnum
292 2116 393 2175 nescio
406 2116 473 2194 quid
484 2116 611 2194 afferret,
623 2134 679 2177 nec
692 2079 888 2177 diberenddm.
903 2116 1088 2197 ltaquesum

85 2200 173 2259 motis
186 2198 369 2275 omnibus,1n
382 2200 545 2261 cubiculum
556 2220 589 2261 se
600 2202 715 2281 recepit
727 2209 813 2281 atque
825 2201 864 2261 ibi
879 2204 996 2262 occisus
1012 2208 1066 2260 est

148 2280 193 2342 De
204 2282 370 2344 insidiarum
380 2285 539 2365 caedisque
549 2304 661 2363 genere
675 2284 749 2345 baec
766 2280 830 2345 lere
848 2286 1014 2365 divulgata
1013 2292 1087 2345 sunt
1097 2306 1130 2361 17

50 2388 76 2429 ιι
88 2365 295 2436 cunctantibus
308 2370 498 2448 conspiratis,
516 2370 630 2449 qnando
643 2378 673 2429 et
687 2376 744 2449 quo
763 2370 868 2448 modo,
886 2368 915 2431 id
929 2380 974 2430 est
991 2371 1088 2429 lavan-

84 2462 183 2513 temne
195 2469 231 2512 an
243 2458 428 2531 coenantem,
447 2454 695 2532 adgrederentur,
719 2417 901 2534 Stephands,
922 2452 1089 2514 Domitillae

85 2545 271 2617 procurator,
285 2546 314 2595 et
325 2547 393 2597 tunc
406 2540 631 2617 interceptarum
643 2540 830 2616 pecuniarum
842 2556 920 2613 reus,
939 2534 1089 2595 consilium
1118 2576 1121 2585 ι

86 2638 267 2700 operamque
278 2620 392 2698 optulit
422 2621 468 2681 Ac
483 2619 808 2698 sinisteriorebracbio,
822 2620 901 2679 velut
919 2628 1025 2695 aegro,
1047 2617 1087 2677 la·

84 2708 132 2765 nis
143 2705 301 2782 fasciisque
313 2722 367 2782 per
377 2703 488 2782 aliquot
504 2703 566 2763 dies
582 2703 619 2763 ad
636 2667 820 2764 evomendum
832 2703 1026 2783 suspicionem
1037 2700 1087 2762 ob·

52 2813 77 2853 ao
86 2789 201 2864 voluto,
213 2788 270 2847 ad
261 2804 354 2866 ipsam
365 2786 465 2847 horam
477 2785 613 2848 dolonem
625 2787 784 2846 interiecit·
778 2786 1006 2868 ,professusque
1019 2802 1087 2847 con-

86 2873 254 2953 spirationis
267 2871 399 2931 indicium
412 2880 442 2931 et
452 2870 490 2931 ob
501 2870 559 2931 boc
572 2866 728 2932 admissus
721 2871 860 2949 ,legenti
875 2865 1010 2936 t‘raditum
1027 2888 1088 2932 ase

84 2955 218 3019 libellum
230 2965 259 3015 et
271 2957 391 3015 attonito
401 2955 536 3016 sullodit
526 2957 655 3033 unguina
688 2917 821 3015 Βιιιιιιιιιιι
833 2974 867 3017 ac
879 2954 1088 3047 repugnantem

87 3042 181 3103 adorti
193 3038 349 3101 Clodianus
362 3040 586 3118 cornicularius,
602 3049 632 3099 et
647 3039 788 3101 llanimus
806 3032 940 3101 Partheni
956 3040 1087 3115 libertus,

87 3136 117 3188 et
134 3126 265 3185 Saturius
284 3125 403 3184 decurio
426 3087 680 3201 cubiculariorum,
699 3124 859 3203 etquidem
878 3144 894 3186 e
913 3124 1086 3204 gladiatorio

52 3234 77 3274 ιι
86 3209 156 3271 ludo
170 3208 338 3271 vulneribus
357 3218 470 3288 septem
482 3170 725 3270 contrucidarunt.
749 3208 834 3288 Puer,
848 3210 896 3289 qui
907 3228 974 3271 arae
986 3208 1088 3267 Larum

88 3294 214 3354 cubiculi
228 3314 266 3354 en
276 3293 485 3361 consuetudine
497 3294 638 3353 assistens
648 3292 777 3354 interluit
789 3294 883 3371 caedi,
896 3294 952 3353 boc
965 3292 1089 3371 amplius

86 3377 237 3456 narrabat,
256 3380 365 3440 iussum
379 3395 412 3437 se
424 3397 441 3439 a
451 3376 621 3437 Domitiano
629 3375 664 3443 ad
679 3378 798 3458 primum
815 3380 910 3438 statim
921 3376 1024 3435 vulnus
1037 3394 1088 3455 pu-

85 3461 205 3540 gionein
217 3463 336 3541 pulvino
354 3462 497 3523 subditum
512 3464 667 3541 porrigere
686 3482 721 3525 ac
738 3462 884 3529 ministros
896 3477 1023 3539 vocare,
1040 3474 1089 3521 ne·
