2475 3775
70 158 75 167 ·
116 123 185 185 132,
209 133 239 182 c.
255 131 403 180 sonuum
418 130 544 190 annuo.
560 129 608 193 un
622 130 706 178 vnum
721 129 905 178 elusanam
920 91 988 178 nnn.
1003 130 1068 178 1111.

114 291 221 351 seriem
236 303 456 367 recognoscens
462 312 477 362 ,2
497 283 605 366 nullius
618 287 756 364 inspecto
769 285 895 361 elegio,
912 292 992 346 stans
1006 292 1115 347 tantuna

20 419 23 425 .
79 377 87 393 ’
113 374 200 435 ruodo
230 373 304 431 intra
332 372 473 450 porticum
495 369 632 446 mediam,
658 387 680 430 o
707 369 797 431 culco
827 367 871 432 nd
899 368 1021 431 caluom
1047 367 1115 430 duci

37 510 39 514 .
112 458 275 538 imperavit.
317 457 427 516 Votum
439 455 539 530 exegit
554 452 590 514 ab
607 469 661 530 ec,
693 453 742 534 qni
756 453 919 533 pro‘salute.
934 471 986 514 sua
1002 452 1113 530 gladia·

113 541 217 603 torianl
237 558 358 620 operam
376 538 567 618 promiserat,
595 537 797 617 spectauitque
819 537 898 598 ferro
922 535 1112 614 dimicantem,

112 645 168 686 nec
192 625 298 685 dimisit
322 625 377 684 nisi
396 623 536 684 victorem
552 630 581 682 ot
600 623 791 700 postmultas
804 639 926 701 ‚preces
970 621 1137 698 Alterums

113 712 216 792 quise
241 709 398 789 periturum
422 704 515 766 eade
538 724 627 766 causa
644 715 782 784 voverat,
809 714 989 766 annotantem
1006 707 1114 784 pueris

111 793 247 864 tradidit;⁴
275 789 463 852 uerbenatum
486 786 692 870 infulatumque
721 800 818 855 votum
845 785 1037 868 reposcentes
1060 795 1115 870 p'er

74 874 197 938 ‘nicos
222 883 358 954 agerent,
386 873 482 954 quoad
511 877 752 954 praecipitaretur
780 893 819 934 ea
843 891 964 952 aggere.
989 873 1114 934 'linitos
1169 875 1173 880 ”

111 963 226 1023 honesti
239 958 365 1034 ordinis,
396 959 573 1019 doiormatos
595 961 674 1038 prius
695 959 858 1036 stigmatum
877 960 981 1039 notis„
997 957 1033 1019 ad
1053 975 1113 1018 me·

111 1047 182 1107 talla
203 1052 232 1103 et
249 1043 421 1102 munitiones
443 1044 550 1104 viarum
575 1053 623 1104 aut
644 1042 680 1104 ad
694 1043 803 1104 bestias
822 1042 1045 1119 condemnavit,
1064 1050 1150 1102 autro

112 1130 268 1189 bestiarum
298 1143 381 1186 more
409 1126 602 1207 quadripedes
632 1146 724 1190 cavea
753 1128 897 1202 coercuit,
930 1135 977 1187 aut
1001 1125 1113 1186 medios

113 1230 194 1274 serra
210 1208 364 1280 dissecuit;
384 1227 441 1270 nec
459 1226 558 1271 omncs
575 1211 714 1288 gravibus
733 1231 771 1272 cx
790 1211 901 1287 causis,
923 1227 1023 1272 verum
1037 1209 1113 1270 male

113 1297 149 1358 de
169 1297 374 1374 munere-suo·
389 1297 540 1374 opinatos,
570 1296 619 1354 rel
645 1297 722 1376 qnod
744 1312 896 1375 numquam
917 1313 971 1374 per
997 1296 1135 1372 genium.

111 1399 193 1446 suurn
206 1379 396 1440 deierassent.
440 1378 580 1438 Parentes
597 1381 741 1458 supplicio
758 1381 884 1460 illiorum
904 1379 1047 1439 interesse
1063 1395 1112 1438 co·
1162 1393 1170 1408 ¹

57 1498 62 1509 ι
111 1465 215 1544 gelam
247 1477 368 1543 quornm
391 1463 439 1522 uni
467 1461 656 1522 valitudinem
686 1467 834 1526 excusanti
865 1464 998 1546 lecticam
1026 1464 1114 1539 misit,
1125 1478 1150 1520 ιι

111 1550 196 1611 alium
213 1567 230 1608 a
246 1546 416 1626 spectaculo
437 1540 551 1626 poena'e
567 1547 669 1627 epulis.
683 1549 780 1608 statim
793 1547 921 1609 adhibuit
932 1557 1024 1627 ,atque
1035 1548 1115 1607 omui

96 1625 247 1693 'comitate
262 1631 298 1692 ad
315 1631 488 1692 hilaritatem
505 1640 535 1690 et
551 1633 636 1692 iocos
656 1633 837 1711 prouocauit.
864 1631 1035 1694 curatorem
1053 1649 1113 1690 mu-

110 1733 211 1778 nerum
232 1733 267 1776 ac
282 1717 477 1793 venationum,
504 1711 559 1794 per
577 1717 732 1777 continuos
752 1715 861 1776 diesin
878 1724 1037 1797 conspectu
1059 1732 1113 1775 sno

56 1858 60 1867 ,
112 1801 222 1862 catenis
239 1799 438 1878 verberatum,
461 1816 519 1860 non
542 1800 746 1879 prius-occidit
765 1818 848 1879 quarn
868 1799 994 1861 offensus
1009 1793 1114 1878 putre·

110 1888 184 1948 iacti·
196 1884 311 1945 cerebri
326 1883 428 1946 odore.
444 1927 447 1938 ι
466 1884 620 1947 Atellanae
642 1896 757 1969 poetam
773 1883 810 1945 oh
833 1883 958 1961 ambigui
971 1885 1030 1946 ioci
1047 1904 1113 1944 ver·
1124 1893 1151 1933 ²⁰

111 1972 230 2031 siculum
249 1970 341 2030 media
357 1970 558 2048 amphitheatri
575 1968 685 2033 harena
703 1970 766 2048 igni
790 1972 937 2030 cremavit.
981 1968 1116 2046 Equitem

109 2055 145 2115 R.
170 2054 314 2114 obiectum
336 2054 422 2129 ieris,
454 2073 518 2114 cum
546 2073 579 2114 se
599 2056 784 2115 innocentem
810 2052 1041 2133 proclamasset,
1068 2071 1114 2111 rc-

33 2207 35 2216 Ι
68 2137 203 2213 asdurit,
235 2137 408 2216 abscisaque
430 2136 527 2214 lingua
549 2156 648 2199 rursus
668 2139 786 2200 induxit.
830 2139 1010 2199 Revocatum
1027 2152 1114 2215 quen·

111 2220 175 2279 dam
201 2237 218 2279 a
244 2229 346 2279 vetere
375 2220 465 2279 exilio
493 2222 673 2299 sciscitatus,
703 2223 838 2301 quidnam
861 2221 901 2281 ibi
924 2222 1025 2283 iacere
1038 2228 1114 2279 'con-

109 2311 240 2380 suomet,
271 2303 468 2383 respondente
496 2323 531 2365 oo
557 2324 611 2383 por
638 2306 843 2367 adulationem:
879 2305 966 2367 Deos
993 2320 1152 2387 comperta

110 2390 202 2450 ornat
215 2394 264 2465 ut,
287 2387 372 2467 quod
389 2388 500 2465 coemit,
518 2390 640 2467 periret
657 2389 814 2467 Tiberius,
842 2396 870 2451 ot
883 2396 916 2450 tu
928 2390 1115 2467 imperares,

110 2474 240 2553 opinans⁴
255 2472 314 2531 sibi
336 2485 451 2551 quoquc
474 2474 576 2533 exules
603 2492 672 2535 suos
693 2484 815 2535 mortem
839 2476 1011 2554 imprecari,
1040 2474 1117 2531 misit

15 2596 20 2611 ,
110 2557 356 2634 circuminsulas,
385 2558 432 2635 qui
447 2560 601 2620 universos
625 2560 868 2621 contrucidareut.
898 2557 972 2619 *cnm
987 2556 1117 2635 discerpi

109 2651 274 2701 senatorem
302 2642 503 2720 concupisset,
539 2643 722 2720 subornavit,
751 2648 799 2722 qui
825 2643 1036 2721 ingredientem
1066 2634 1116 2699 cu·

109 2725 179 2783 riam
194 2736 316 2804 repente
339 2726 452 2787 hostem
468 2729 615 2806 publicum
632 2729 814 2809 appellantes
834 2727 1020 2802 invaderent,
1046 2736 1152 2801 gra-³⁰

109 2806 233 2885 phisqne
252 2810 418 2870 confossum
442 2810 626 2873 lacerandum
651 2816 757 2873 ceteris
784 2812 946 2880 traderent;
969 2828 1024 2869 nec
1048 2816 1116 2868 ante

109 2892 227 2949 satiatus
244 2901 289 2964 pst
306 2912 391 2971 quam
406 2898 532 2959 membra
555 2906 584 2957 et
599 2907 676 2958 artus
694 2907 722 2957 et
744 2900 860 2957 viscora
880 2896 1003 2956 hominis
1023 2900 1118 2951 tracta

67 2976 267 3052 29per<vicos
297 2986 382 3056 atque
415 2992 479 3042 ante
508 3001 540 3041 se
567 2991 708 3060 congesta
735 2982 865 3042 vidisset.
908 2978 1117 3041 Immanissima
1230 3042 1231 3049 ,

109 3059 186 3117 facta
213 3059 340 3135 augebat
364 3069 514 3127 atrocitate
539 3066 704 3127 verborum.
747 3066 825 3126 Nihil
847 3065 939 3141 magis
959 3064 988 3121 in
1013 3069 1118 3121 natura
1230 3074 1231 3095 ¹

109 3160 161 3201 ⁸¹¹³
180 3141 296 3202 laudare
318 3163 349 3202 te
374 3163 409 3204 at
436 3151 562 3230 probare
582 3150 698 3211 dicebat
718 3165 818 3229 quam,
850 3158 879 3210 ut
899 3148 991 3226 ipsius
1020 3144 1154 3205 verbose

108 3235 186 3303 utar,
215 3214 432 3307 ddsocpmttuv
457 3235 526 3312 {hoe
547 3244 592 3293 est
606 3236 863 3313 inverecundiaml.
906 3231 1037 3293 Monenti
1054 3229 1116 3289 An·

107 3313 204 3371 toniae
220 3314 301 3372 aviae
318 3320 459 3391 tamqnam
480 3336 580 3396 parum
600 3330 680 3379 esset
697 3337 756 3379 non
775 3318 930 3379 oboedire:
962 3314 1117 3377 Memento

109 3394 148 3451 ait
169 3396 272 3457 omnia
292 3396 367 3458 milti
391 3406 421 3459 ct
438 3402 472 3461 in
492 3402 590 3462 omnic
609 3404 722 3471 licere!
753 3402 969 3464 Trucidaturus„
980 3400 1117 3476 fratrem,
1230 3458 1231 3505 p
