2475 3775
468 196 685 252 unnurAm0.5
922 194 1018 247 Lm

110 354 211 423 initiae
229 372 301 426 quae
315 356 503 425 incremento,
526 372 595 426 quas
608 354 775 411 mutationes
788 354 934 425 hebuerit,
957 362 1014 413 tum

109 439 145 493 de
161 438 247 495 elaris
262 440 450 511 scriptoribus
467 435 535 511 (cir.
550 458 578 510 p.
594 444 657 506 259,
671 442 720 496 24:
739 442 802 507 269,
819 433 869 509 et)
887 438 1014 508 singule-

108 521 158 578 tim
175 528 290 592 egeret,
309 529 515 593 temporumque
536 522 663 579 ordinem
684 527 796 576 mentes
818 537 913 579 eorum
930 522 1016 580 vitan

109 611 138 659 et
159 604 266 676 scripte
287 606 413 661 breviter
433 605 632 677 perscriberet.
678 603 764 670 Quam
777 620 846 661 vero
864 599 1016 675 diligenter

108 682 263 759 singulum)
278 696 469 761 perscrutetur
490 690 526 744 sit
541 694 740 759 auctorumque
761 686 928 745 tesIImoniis
944 704 1016 745 oon-

110 771 278 841 llrmeverit,
301 772 447 844 praeclaro
469 772 598 843 exemplo
613 771 737 828 Terentii
754 772 810 826 rita
821 772 1015 830 demonstret.

171 854 230 911 Hec
248 856 372 912 editione
389 855 642 926 libellumqnidern
652 855 689 915 dc
702 854 891 912 Grammaticis
906 863 935 910 et
950 858 1015 913 rlre·

108 938 228 1006 teribus,
245 944 275 993 ut
289 940 378 994 adlruc
391 939 454 1009 luit,
470 944 628 1009 separatum
643 938 820 1008 reliduimue;
841 944 950 998 celeres
965 956 1014 995 eu-

107 1026 164 1091 tem·
179 1021 315 1091 reliqniis
330 1022 368 1077 ite
385 1022 457 1079 inter
471 1021 734 1093 seccmposuimue,
749 1028 779 1077 ut
792 1022 863 1079 ritas
880 1036 951 1092 quse
965 1040 1014 1078 sn-

107 1111 227 1177 persunt
253 1105 382 1177 integrae
404 1122 464 1161 uum
487 1106 621 1163 brevibus
644 1104 702 1161 illis
728 1104 854 1161 chronici
874 1105 1014 1175 Hierony·
1056 1093 1060 1103 ⁸

106 1188 194 1245 urlani
221 1188 412 1245 notationibus
438 1189 670 1259 coniungere-us
696 1204 730 1244 rc
757 1204 809 1260 pro
828 1188 964 1244 librorum
987 1194 1017 1249 et

105 1277 264 1343 temporum
278 1272 389 1329 untione
404 1272 623 1343 disponeremus.
644 1271 803 1332 Hemicerit
814 1272 901 1342 igitur
912 1273 1013 1341 lectur,

107 1372 143 1410 ea
158 1354 228 1411 loce
243 1354 407 1425 Hieronymi
428 1356 537 1425 singule
553 1372 605 1425 pro
620 1354 695 1409 teum
712 1354 828 1424 quadem
850 1356 946 1411 umbra
962 1372 1013 1412 ce-

105 1438 390 1509 prosterneremur,
402 1439 498 1510 quales
515 1438 661 1492 nonnullus
676 1438 786 1493 lortrrne
801 1438 935 1506 servavit,
950 1454 1014 1493 esse

106 1522 248 1591 habende,
264 1522 397 1578 universe
410 1536 478 1577 vero
491 1536 526 1575 ne
543 1520 674 1576 dimidiae
689 1519 800 1590 quidem
813 1520 902 1592 partis
919 1520 1015 1592 operis

107 1619 122 1659 a
138 1604 303 1675 Tranquillo
322 1603 423 1673 scripti
439 1604 549 1660 nemius
565 1604 687 1674 prodere
702 1620 737 1658 ao
749 1603 917 1668 memoriam.
947 1602 1014 1659 llam

107 1702 169 1742 oum
190 1686 433 1755 grammaticorum
452 1686 527 1743 XXII
549 1686 730 1758 superstitum
749 1686 936 1755 Hieronymus
957 1703 1028 1745 non.

106 1768 388 1839 septimumque,
416 1770 557 1827 rhetorum
583 1776 675 1825 autem
696 1770 759 1825 XVI
787 1776 889 1828 tautum
916 1771 1014 1825 decem

106 1852 250 1908 mentione
274 1851 378 1922 dignos
405 1852 586 1922 iudicaverit,
614 1853 710 1924 itaque
730 1854 765 1910 de
786 1852 852 1907 vitis
873 1852 1012 1910 XXXVIII

104 1935 267 2006 quindecim
290 1935 389 1992 reddat
410 1936 606 2006 aliquomodo
628 1935 656 1990 in
672 1936 813 2008 epitomen
835 1943 1010 1993 contrectes:

103 2019 169 2090 plus
184 2035 266 2088 quern
283 2018 423 2074 dimidium
444 2025 549 2090 partem
568 2017 718 2076 illustrium
734 2019 871 2088 virorum,
895 2035 1012 2091 quorum

103 2102 178 2156 vites
193 2119 209 2156 e
226 2101 362 2158 Suetonio
374 2103 457 2174 plene
472 2103 596 2174 scriptus,
608 2103 733 2159 manilius
747 2103 870 2172 tenenat,
883 2109 1011 2174 praeter·
1036 2172 1040 2180 .

102 2183 217 2241 misisse
234 2189 262 2240 et
276 2185 351 2256 quod
367 2185 450 2253 ineo
468 2187 522 2243 luit
535 2185 674 2242 oblivioni
691 2186 840 2242 tradidisse
849 2187 912 2242 ‘dici
929 2192 1010 2258 pete-

102 2261 212 2339 rit⁵⁰).¹
244 2267 301 2322 Sed
318 2268 406 2338 iniqui
429 2285 463 2326 ne
486 2271 588 2337 simus,
615 2270 706 2338 gretie
726 2270 754 2325 ei
775 2269 868 2340 potius
882 2270 1009 2327 habendo

104 2351 160 2405 erit
181 2367 365 2422 eorumquae
390 2353 513 2409 servarit
535 2370 615 2424 quarn
643 2352 817 2409 irascendum
838 2360 954 2425 prepter
974 2370 1007 2410 ea

105 2451 179 2504 quee
194 2434 359 2506 suppressit.
759 2476 762 2482 ,

166 2515 200 2572 lit
215 2532 282 2572 vere
300 2517 435 2574 Suetonio
456 2517 596 2576 reddenda
616 2536 679 2576 esse
693 2520 784 2576 omuie
808 2521 870 2576 lere
886 2537 957 2590 quae
973 2520 1009 2575 de

105 2600 236 2658 ltomenis,
267 2597 498 2676 scriptoribus‘l)
533 2603 606 2673 opud
640 2603 847 2672 Hieronymum
865 2603 1008 2672 leguntur,

104 2689 171 2770 post
185 2682 378 2740 l'onteeumet
394 2684 584 2756 Stellarum,
606 2684 757 2741 Eusebiani
775 2685 901 2741 chronici
916 2684 1007 2743 ediIos

105 2809 304 2822 *nu——

172 2891 218 2958 58)
237 2895 274 2944 lte
294 2909 358 2958 quae
377 2911 401 2960 p.
414 2895 473 2955 258,
490 2895 521 2946 12
538 2895 664 2961 leguntur,
683 2898 792 2946 Varroni
810 2895 940 2959 debentur,
960 2897 1006 2948 cfr.

100 2961 200 3012 Plinius
217 2975 243 3015 u.
259 2963 286 3012 h.
301 2963 335 3013 rt
349 2965 417 3026 524.
767 2970 769 2977 '

173 3027 221 3092 tlt)
253 3030 421 3090 Videmede
445 3041 557 3082 oratores
577 3047 603 3098 p.
623 3031 676 3083 289
696 3040 722 3082 et
740 3033 874 3085 historicos
891 3051 928 3101 p.
946 3034 1007 3096 300,

99 3113 212 3217 §uorum
234 3114 286 3150 uon
306 3102 462 3165 antianorcs
480 3101 686 3152 commemorauit
708 3100 837 3152 Cicerone·
851 3112 876 3154 et
891 3103 1007 3156 Cornelio

123 3183 137 3218 e
158 3176 207 3218 ote.

137 3184 156 3234 p
170 3235 219 3299 60)
238 3236 294 3287 Nem
310 3239 411 3287 omnino
430 3239 525 3295 omnie;
549 3252 607 3287 nem
621 3239 722 3289 eliunde
739 3234 846 3305 petitum
861 3250 900 3290 est
913 3256 936 3290 v.
948 3256 970 3289 c.
981 3240 1008 3291 id

99 3305 170 3368 quod
190 3305 305 3356 Remmio
324 3305 627 3358 Palaemonienbiunxir:
643 3309 686 3371 qui
698 3311 820 3372 mam
837 3312 1007 3373 immoyatm

98 3374 162 3438 qnid
181 3377 249 3424 inter
264 3377 354 3426 stillam
378 3384 404 3426 et
419 3383 514 3439 puttam
535 3377 679 3435 interesset,
703 3384 797 3441 putta
823 3379 902 3442 inquit
922 3383 1005 3441 etot,

85 3443 196 3492 settle
221 3445 325 3492 cadit.
361 3443 424 3493 Vide
441 3445 516 3492 etiam
535 3443 603 3494 inire
619 3445 707 3497 >nduet.
725 3445 767 3498 63.
