2475 3775
131 156 192 221 mr
393 164 425 214 o.
445 161 609 215 sunuomr
631 161 843 221 umuournnr

132 322 225 383 aliena
246 320 372 398 prosnis
395 318 484 380 edere
508 335 564 379 sen
582 315 768 395 percipiendi
797 313 972 379 &ancorum
1000 316 1134 378 instituta

131 423 302 482 moresque,
324 421 398 481 qnos
421 419 478 461 non
494 399 615 481 perinde
637 401 812 479 exprimeret
830 400 1005 477 inscriptis,
1028 418 1133 477 egres-

131 508 182 550 sus
203 499 248 550 est
270 504 365 566 usquc
386 487 506 565 amplius
527 485 629 546 rediit.
656 483 700 544 lie
721 492 814 544 morte
836 484 897 549 eius
912 482 1066 550 Vulcatius
1090 485 1134 546 sic

131 572 233 635 tradit:
918 632 923 641 ,

283 659 341 715 Sed
353 664 382 727 ut
392 657 464 729 Aser
474 659 578 731 populo
592 673 645 714 seu
659 657 810 713 comoedias
823 657 903 725 dedit,
964 689 965 692 =
1052 639 1062 660 ‘
1141 698 1154 736 5

221 792 223 801 ,
281 741 340 798 Iter
351 742 416 799 hinc
430 745 460 798 in
473 742 568 798 Acium
578 742 648 814 fecit
659 747 697 810 et,
713 754 809 796 norun
824 742 948 796 etormet

282 824 452 891 Conscendit,
468 829 541 882 umus
554 841 705 899 numquam
718 830 772 886 ectr
790 826 829 880 ric
843 826 897 880 uite
914 831 1002 888 nocui.

132 905 251 979 Quintus
268 903 429 968 Cosconius
445 906 612 966 redeuntem
628 923 645 964 e
661 903 781 968 Graecia
804 903 916 981 perisse
932 905 962 964 in
981 906 1056 964 mari
1068 924 1134 965 curn

133 988 165 1048 C.
189 999 217 1050 et
238 988 313 1048 Vlll.
339 989 444 1048 tabulis
471 989 620 1061 conversis
641 1005 658 1048 a
673 986 850 1063 Menandro
873 988 965 1050 ceteri
986 999 1133 1048 mortuum

133 1089 199 1133 esse
219 1073 247 1130 in
262 1071 387 1132 Arcadia
406 1070 565 1150 Stymphali
587 1074 649 1132 sive
670 1071 831 1132 Leucadiae
849 1071 961 1134 tradunt
978 1070 1040 1132 CN.
1058 1070 1132 1132 Cor·
1123 1094 1165 1136 -ιι

131 1154 209 1215 nelio
230 1153 385 1217 Dolabella
407 1154 444 1232 Μ
466 1153 568 1216 Fulvio
588 1153 741 1236 Nobiliore
755 1154 936 1231 consulibus,
959 1155 1091 1216 morbo
1082 1175 1135 1216 rm·
1214 1151 1215 1176 ³

133 1239 261 1317 plicitum
277 1258 315 1298 ex
337 1238 440 1300 dolore
455 1257 490 1300 ac
505 1239 601 1301 taedio
617 1241 784 1300 omissorum
798 1241 984 1314 sarcinarum,
1011 1257 1090 1318 quas
1108 1243 1136 1299 in

130 1340 232 1382 novem
247 1324 452 1401 praemiserat,
468 1341 503 1384 ac
515 1324 596 1385 simul
615 1323 774 1384 fabularum
791 1339 862 1400 quas
876 1339 966 1383 novas
982 1323 1113 1384 fecerat.

214 1404 316 1466 Fuisse
332 1407 435 1468 dicitur
452 1406 592 1469 mediocri
604 1416 729 1482 statura,
745 1405 848 1482 gracili
865 1423 1007 1484 corpore,
1026 1407 1135 1467 colore

130 1490 224 1554 lusco.
257 1488 383 1569 Reliquit
398 1491 498 1567 liliam,
518 1509 591 1569 quae
608 1499 676 1570 post
693 1488 919 1568 equitillonrano
936 1491 1045 1568 nupsit,
1061 1493 1169 1552 iternis

131 1574 262 1638 hortulos
274 1573 339 1634 XX.
356 1577 487 1652 iugerum
503 1575 549 1634 via
563 1573 660 1654 Appia
674 1573 708 1638 ad
720 1571 818 1633 Martis
834 1572 939 1634 villam.
958 1572 1023 1647 Qun
1037 1578 1137 1652 magis

131 1659 219 1718 miror
234 1656 368 1718 Porcium
382 1658 528 1717 scribere:

196 1744 287 1818 Scipio
301 1745 501 1820 niddssprofur't,
518 1748 586 1802 ninii
597 1747 720 1816 Laelius,
735 1745 804 1801 ninii
815 1745 930 1814 Furius,
1048 1816 1049 1822 ἵ

195 1829 263 1895 l'rec
274 1832 370 1903 perid
383 1834 549 1905 tempusque·
563 1823 702 1905 opitebout
715 1829 815 1884 nobiles
827 1827 967 1901 facillime.

189 1914 295 1971 Eorum
307 1918 351 1972 ilie
365 1931 452 1996 opero
467 1930 502 1971 ne
518 1911 626 1971 domum
640 1914 746 1987 quidem
759 1912 853 1969 debuit
864 1914 1072 1983 conductionem,
1144 1931 1166 1971 ro

190 1998 292 2053 Saltem
306 2008 335 2055 ut
348 2006 418 2056 ercet
430 2017 484 2073 quo
498 1998 621 2072 referret
633 1999 730 2055 obitum
746 1998 847 2053 domim·
857 1998 992 2054 suuntur.

213 2076 294 2136 Hunc
316 2078 452 2138 Afranius
474 2078 589 2157 quidem
609 2078 739 2140 omnibus
756 2077 874 2137 comicis
889 2074 1035 2155 praefert,
1059 2080 1133 2137 scri-

131 2159 202 2219 bens
217 2160 245 2217 in
262 2158 487 2240 Compitalibus:

195 2246 319 2303 Terentio
333 2264 389 2303 non
402 2252 516 2304 similem
532 2250 624 2306 dicens
638 2248 803 2321 quempiam.

129 2324 277 2386 Vulcatius
293 2335 386 2386 autem
404 2345 460 2386 non
475 2327 569 2387 solum
582 2326 694 2387 Naevio
708 2336 737 2386 et
752 2326 852 2386 Plauto
869 2334 896 2385 et
915 2322 1060 2403 Caecilio,
1078 2329 1164 2387 seder

129 2409 238 2469 Licinio
254 2428 371 2490 quoque
387 2420 416 2471 et
430 2410 519 2471 Atilio
537 2411 695 2490 postponit.
733 2408 838 2471 Cicero
854 2411 882 2470 in
895 2409 1014 2471 Limone
1029 2410 1133 2473 hacte-

130 2511 183 2553 nus
199 2494 310 2555 laudat:

195 2584 236 2640 Tu
250 2589 369 2657 quoque,
384 2584 432 2656 qui
443 2584 518 2639 colus
532 2584 597 2639 tecto
618 2598 758 2651 sermone,
777 2580 893 2650 Terenti,
936 2632 937 2637 ,

191 2668 356 2724 Conversum
369 2682 585 2741 supremumque
598 2668 698 2723 Latino
716 2680 780 2723 uoce
794 2664 981 2721 Menandrum

152 2750 229 2805 In
245 2754 362 2809 medum
375 2747 458 2809 nobie
463 2753 565 2808 nouom
578 2752 687 2809 ummo
701 2752 795 2823 effers,
1144 2782 1167 2823 ,ο

193 2832 329 2898 Qniddom
344 2852 420 2893 come
433 2838 560 2909 loquens,
574 2842 656 2909 utque
668 2838 762 2892 omnio
777 2834 869 2889 dulcio
883 2833 982 2887 wenc

130 2908 249 2969 ltcrnG.
265 2912 389 2976 docear:

196 2996 239 3052 Tu
250 3016 358 3072 quoque
371 3010 402 3058 tu
416 3007 445 3059 in
458 3005 585 3070 summo,
603 3019 619 3058 o
633 3002 768 3059 dirmidium
781 3000 958 3071 Menander,

194 3079 324 3149 annuo,
338 3090 484 3157 etmerito,
493 3088 843 3160 perricermonicomotor.
1005 3116 1008 3121 ,
1214 3120 1215 3139 r

190 3164 308 3219 lenibat
319 3173 399 3239 amne
411 3171 513 3225 ιιιίιιαιιι
523 3173 633 3243 suspiro
649 3170 779 3225 adiuncto
791 3170 869 3241 soret
883 3172 931 3237 ot'o,
1147 3201 1169 3241 ῃ

193 3248 300 3304 Comico
315 3254 345 3303 ut
358 3260 472 3320 aequato
486 3258 574 3309 uirmc
590 3255 706 3325 polleret
717 3253 822 3316 nonme

190 3328 258 3386 dum
269 3330 383 3391 &neers
396 3348 462 3389 nere
480 3336 535 3392 doc
548 3338 693 3407 despectam
698 3344 787 3409 porro
797 3340 919 3396 iocerne!

174 3494 178 3499 Ι
197 3411 285 3471 Unum
300 3414 352 3474 doe
366 3430 493 3474 maceror
511 3434 547 3475 oo
563 3420 639 3478 domo
653 3420 700 3479 tibi
712 3422 818 3494 merce,
835 3422 961 3479 Tenon·
