2475 3775
369 193 374 204 .
435 195 440 204 ,
476 151 578 240 putus
598 153 725 202 nunnus.
1031 222 1034 229 Δ
1058 140 1121 218 21,’

84 309 197 394 ,adbuc
211 316 240 368 et
255 306 435 375 obaeratum
453 309 482 369 iu
505 307 737 387 expeditionibus
762 309 912 370 tessellata
934 318 963 370 et
985 309 1098 371 sectilia

105 394 267 474 pavimenta
292 389 514 461 circumtulisse;
540 391 713 467 Britanniam
734 393 845 470 petisse
876 411 930 472 spe
957 394 1139 470 margati-47
1200 435 1202 448 .

104 488 232 552 tarum,.
244 491 361 553 quarum
397 474 607 553 amplitudinem
641 462 839 535 conferentem
877 475 1016 536 interdum
1048 495 1100 536 sua

105 579 189 621 manu
205 560 341 634 exegisse
358 558 483 649 ροιάιιις
507 577 649 657 gemmas,
665 567 842 656 toreumata,
859 562 968 638 signa,
989 557 1100 620 tabulas

80 644 205 724 soporis
231 643 336 721 antiqui
365 659 480 720 semper
511 643 717 702 animosissime
750 661 953 723 comparasse;
982 644 1102 702 servitia

105 730 232 792 rectiora
247 726 469 806 politioraque
461 743 591 786 inmenso
615 727 726 806 pretio,
748 721 778 800 dt
802 727 882 786 cuins
905 728 997 806 ipsum
1015 727 1101 786 etiam

105 811 246 892 puderet,
268 811 310 869 sic
327 817 358 868 ut
377 810 534 869 rationibus
555 819 684 870 vetaret
690 809 805 880 inferri;
832 812 1013 870 conrivatum
1029 810 1142 872 assi-48

103 897 162 956 dus
178 913 232 973 per
253 893 418 973 provincias
439 892 551 954 duobus
568 894 718 969 tricliniis,
739 910 796 953 uno
816 911 872 972 quo
890 895 984 971 sagati
1001 894 1100 972 pallia·
1194 964 1199 972 ‚

105 981 182 1055 tiva,
204 977 297 1038 altero
314 993 371 1056 quo
385 979 476 1054 togati
492 995 555 1038 cum
574 975 786 1038 inlustrioribus
810 978 1023 1057 provinciarum
1044 975 1100 1036 dis·

52 1062 285 1124 ¹10cnmberent.
319 1060 759 1140 Domestioamdisciplinam.in
779 1063 877 1139 paruis
896 1079 932 1122 ac
945 1059 1101 1120 maioribus
1197 1129 1200 1133 ¹

105 1145 194 1210 rebus
216 1145 370 1222 diligenter
390 1143 463 1208 adeo
483 1152 645 1224 severeque
667 1145 759 1221 rexit,
785 1153 817 1205 ut
832 1147 987 1224 pistorem,
1016 1145 1101 1205 alium

106 1229 191 1310 quam¹
213 1228 268 1288 sibi
289 1245 391 1307 panem
412 1229 543 1288 convivis
564 1228 768 1304 subicientem,
790 1228 977 1308 compedibus
1000 1230 1099 1288 vinxe-

78 1313 80 1318 ’
106 1316 159 1383 rit;
192 1311 325 1372 libertum
350 1313 541 1389 gratissimum
571 1311 823 1374 obadulteratam
848 1313 953 1391 equitis
979 1311 1100 1372 Romani

106 1413 244 1473 uxorem,
267 1397 394 1473 quamvis
409 1397 488 1456 nullo
507 1405 665 1474 querente,
684 1395 801 1474 capitali
817 1413 913 1475 poena
929 1394 1078 1455 adiecerit.

71 1498 101 1536 rs
172 1478 330 1540 Pudicitiae
352 1480 413 1540 eius
427 1479 536 1540 imnum
559 1480 629 1542 nibil
653 1479 765 1559 quidem
791 1489 907 1558 praeter
931 1478 1141 1539 Nicomedistt

109 1562 336 1625 contubernium
345 1562 445 1639 laesit,
464 1565 556 1640 gravi
576 1572 671 1625 tamen
695 1572 724 1623 et
746 1564 867 1643 perenni
889 1562 1049 1642 obprobrio
1071 1571 1101 1623 et

108 1647 145 1710 ad
167 1647 288 1706 omnium
311 1647 434 1722 convitia
446 1648 602 1726 exposito.
647 1646 751 1709 Omitto
776 1645 860 1707 Calvi
879 1647 971 1753 Licini
985 1649 1099 1706 notissi-

107 1749 171 1792 mos
187 1727 313 1790 versus:
597 1798 599 1802 .

706 1804 978 1892 Bttputoquicpum

70 1910 100 1951 ²⁰
236 1902 273 1959 Et
279 1902 441 1975 poedicator
455 1902 584 1960 Caesaris
603 1918 733 1973 umqssum
745 1902 845 1958 tatuit

110 1983 266 2043 Praetereo
296 1983 425 2041 actiones
444 1978 617 2043 Dolabellae
638 1990 668 2041 et
696 1979 829 2041 Curionis
857 1982 983 2059 patris,
992 1982 1021 2039 in
1041 1982 1100 2059 qni·

109 2068 164 2127 bus
190 2082 253 2125 eum
278 2064 429 2125 Dolabella
450 2065 578 2143 pelicem
592 2065 741 2143 reqicuc,
763 2063 915 2143 spondam
926 2064 1102 2126 tatemerem

107 2148 216 2229 sepius
230 2131 391 2225 teudoue,
397 2166 431 2209 ac
457 2147 544 2211 curio
570 2148 724 2209 stabulum
745 2146 921 2210 Nicomedis
942 2155 973 2213 ct
995 2146 1099 2227 Bitby-

108 2233 211 2294 ιιίιιιιι
239 2230 391 2310 fornicem
411 2232 516 2295 dicunt
559 2232 648 2293 Missa
675 2234 759 2293 etiam
781 2231 857 2294 facio
884 2232 977 2293 edicta
995 2231 1099 2308 Bibuli,
1178 2303 1182 2308 ι

72 2315 213 2397 atquibus
235 2316 406 2395 proscripsit
424 2314 571 2395 colleqcm
584 2334 673 2377 ιιιιιιι
687 2315 879 2396 Bithynicum
892 2318 1086 2397 capitumet
1057 2336 1098 2375 ιι-

110 2417 176 2480 quc¹
189 2405 281 2480 uesieu
300 2416 401 2477 repeto
419 2398 518 2478 fcisse
540 2400 647 2477 cordi,
672 2419 753 2461 ιιιιιι
774 2418 843 2461 csse
863 2413 1014 2481 sequutus
1037 2401 1100 2475 Quo

110 2493 257 2560 tempore,
291 2492 320 2542 ut
335 2482 450 2543 Marcus
464 2483 568 2544 Brutus
585 2484 693 2561 reiert,
714 2484 850 2545 Octavius
872 2486 957 2545 etiam
978 2484 1100 2572 qnidam,

95 2564 265 2626 valitudine
294 2568 396 2627 mentis
422 2566 540 2627 liberius
571 2567 673 2644 dicax,
703 2577 849 2627 conventu
874 2568 1015 2640 maximo,
1039 2566 1102 2625 oum

110 2649 277 2731 Pompeium
310 2668 411 2727 regem
447 2650 645 2728 appellasset
680 2651 773 2730 ipsum
801 2651 930 2726 reginum
958 2647 1100 2709 salutauit.

72 2720 176 2791 sossi
196 2726 232 2792 G.
244 2732 390 2794 Memmius
408 2732 546 2793 etiamad
568 2733 699 2807 cyathum
719 2743 749 2793 et
765 2734 860 2791 vinnm
875 2712 1024 2800 Nicomedi
1044 2741 1101 2791 ste·

110 2817 182 2876 iisse
203 2814 306 2894 obicit,
336 2834 399 2877 curn
420 2816 538 2894 reliquis
562 2817 702 2894 exoletis,
731 2813 821 2896 pleno
843 2817 996 2894 conuiuio,
1017 2834 1100 2877 accu-

110 2897 243 2958 bantibus
272 2900 414 2961 nonnullis
442 2895 550 2959 urbicis
579 2899 825 2978 negotiatoribus,
861 2916 980 2979 quorum
1010 2901 1103 2960 refert

110 2982 235 3041 comica.
272 2982 378 3043 Cicero
394 3002 465 3044 vero
488 3002 545 3053 uon
563 2994 713 3044 contentus
733 2985 762 3043 in
784 2982 951 3085 quibusdam
969 2984 1102 3064 epistulis

109 3066 280 3144 scripsisse,
301 3086 317 3129 a
337 3068 514 3129 satellitibus
531 3083 594 3127 eum
614 3069 643 3129 in
665 3066 824 3131 cubiculum
840 3068 953 3146 regium
970 3068 1103 3128 eductum

73 3148 139 3209 esic
162 3167 251 3209 aureo
268 3151 347 3211 lecto
365 3161 447 3211 veste
462 3169 615 3231 ,purpurea
636 3151 826 3229 decubuisse,
848 3152 1006 3231 floremque
1026 3160 1125 3214 aeta-'.

109 3232 147 3292 tis
170 3235 319 3294 aVenere
334 3236 389 3295 orti
407 3236 436 3295 in
449 3235 579 3311 Bithynia
603 3238 837 3312 contaminatum,
857 3236 999 3315 quondam
1019 3236 1103 3294 etiarn

108 3317 138 3375 in
162 3326 264 3377 senatu
286 3318 449 3379 defendenti
478 3320 504 3379 ei
530 3319 627 3395 Nysae
659 3338 789 3397 cansam,
821 3320 898 3380 filiae
925 3318 1103 3389 Nicomedis,

110 3398 312 3481 beneficiaque
332 3400 422 3481 ,regis
452 3403 480 3463 in
508 3422 541 3463 se
573 3404 805 3465 commemorasti
827 3402 977 3478 Remove,
1003 3400 1103 3477 inquit,
