2475 3775
261 170 539 223 nurnenrnenuu
557 173 739 222 munuum
757 166 956 234 numerumn.
1050 163 1111 226 315

158 327 338 405 lunonem,
357 326 538 423 innoxius!
528 342 681 406 manneus
689 331 736 387 eet
756 327 877 388 nemini
882 343 1009 404 notens,
1030 329 1112 390 inno

110 413 179 472 xiue
195 412 281 492 eulpa
295 409 450 477 cuiuslibet
463 410 588 471 oriminis
601 419 729 470 rutruus.⁴

17 498 62 562 ιι.
162 494 311 557 lndueies
336 493 443 555 loedm
468 501 499 554 et
519 511 622 571 paeern
645 492 706 553 len
724 494 859 569 interest,
881 492 960 571 qued
981 439 1113 554 inducias

22 584 27 624 t
111 595 235 638 numero
243 578 353 637 dierum
366 576 508 652 finiuntur,
521 575 599 653 quod
612 585 641 636 et
654 585 835 672 sequestrem
846 593 952 656 punem
963 575 1113 673 appellant

20 668 27 708 ι
68 713 70 716 ⁴
84 673 99 712 ι
112 669 159 721 ιι;
171 677 255 738 pune
268 665 433 741 sequestra
444 657 501 722 ets
514 676 607 720 senos
617 659 765 738 pepigere
783 659 870 730 diet,-
863 659 1012 721 Urseius
1004 677 1033 718 ιι
1047 676 1112 738 per·

17 753 27 796 21
113 753 233 821 potuum
246 752 296 804 unt
309 742 338 802 in
354 751 617 804 nnmruneertum
633 759 779 802 nnmerum
794 744 900 812 fertum
922 761 979 822 pax
997 761 1061 802 eum
1076 758 1114 806 eu

113 827 227 924 populo
248 827 437 924 comuniter,
468 827 516 904 qui
538 825 712 887 imbeuillior
733 835 778 898 est
799 827 891 887 altero
915 825 1114 903 praevalente,

17 924 26 964 ι
113 912 165 987 qni
178 909 324 970 existimet
338 911 423 970 tutius
431 927 507 970 esse
520 909 576 969 sibi
592 893 796 970 descendere'
783 928 816 968 ιι
831 909 1015 973 conditiones
1030 910 1114 1025 punis

114 1009 201 1070 quern
217 991 329 1052 dubiam
343 991 414 1052 belli
428 992 571 1052 fortunam
585 994 723 1072 experiri.
910 1037 914 1042 ¹

77 1086 104 1126 1⁰
178 1076 295 1151 lmniut-⁷
317 1075 456 1152 lancinat,
477 1075 587 1135 lecerat
608 1075 667 1136 lroe
683 1075 793 1152 dillert,
815 1075 893 1154 quod
909 1075 996 1136 leniet
1010 1076 1113 1150 lenius,

17 1191 23 1230 ι
101 1176 180 1218 ¹eum
194 1159 322 1224 membru
338 1159 484 1236 decerpit;
505 1157 615 1226 laceret
629 1160 677 1236 qui
698 1158 826 1236 pertibus
846 1160 905 1218 suis
920 1159 1048 1220 membru
1064 1159 1113 1220 de·

113 1243 222 1306 stituit:
243 1241 369 1306 lancinet
381 1242 431 1318 qni
445 1240 582 1301 inutiliter
594 1239 722 1303 membru
735 1240 886 1318 discerpit.

18 1374 21 1397 ,
155 1323 279 1383 ¹Lustra
307 1323 450 1401 producte
478 1331 509 1381 et
525 1323 617 1383 lustra
643 1331 778 1401 correpte
798 1323 857 1382 hue
877 1325 1014 1401 interest,
1038 1323 1116 1420 quod

17 1402 24 1495 ,
113 1407 206 1466 lustra
221 1415 302 1467 uerte
315 1415 447 1486 tempera
464 1413 536 1483 sunt,
550 1406 642 1466 lustra
657 1405 776 1467 latibula
793 1405 919 1516 ferarum
932 1406 979 1522 uel
990 1407 1113 1485 turpium

17 1542 22 1567 ,
77 1508 104 1548 ιι
115 1489 260 1551 hommum
279 1489 477 1569 receptacula.
642 1529 646 1540 ·
676 1509 678 1514 ’

18 1570 22 1578 ’
177 1572 316 1649 Legatum
337 1583 367 1633 et
387 1573 547 1662 oratorem]
569 1572 685 1648 legatus
700 1570 807 1648 legitur
823 1572 861 1632 ud
882 1516 1010 1634 effitiunt
1035 1591 1052 1632 a
1074 1574 1113 1631 ei·

46 1661 56 1669 '
115 1659 219 1725 ritete;
242 1665 341 1717 erutor
358 1652 547 1718 adurendum
562 1657 683 1732 missus,
701 1657 740 1714 uti
767 1656 826 1718 orie
850 1657 962 1722 ratione
986 1663 1114 1733 exponet

113 1740 144 1803 id
157 1739 234 1817 qued
248 1741 330 1818 petit.

177 1821 299 1883 Liberos
321 1831 350 1881 et
366 1822 457 1901 lilios}
475 1822 525 1882 lilii
542 1821 700 1889 masculine
718 1779 829 1899 genere
846 1829 1006 1901 ponuntur,
1028 1820 1113 1880 liberi

18 1964 22 1978 ,
79 1908 143 1965 toiri
159 1915 284 2004 utroque
297 1924 387 1976 sexu;
410 1916 441 1966 et
456 1905 533 1984 quod
551 1905 627 1965 lilii
618 1924 647 1965 ιι
662 1923 809 1965 numerum
830 1905 1012 1981 singularem
1028 1922 1112 1963 revo-

115 1991 174 2050 cari
190 2000 327 2069 possunt,
342 1989 428 2050 liberi
444 2007 504 2049 non
516 1998 651 2068 possunt;
671 1989 772 2067 (neme
787 1988 861 2049 enim
873 1988 942 2049 dieit
963 1990 1011 2066 ιιιιί
1026 1986 1114 2047 hahet

18 2129 20 2150 ,
114 2091 199 2146 unum
213 2074 317 2133 lilium:
340 2091 425 2135 unum
439 2073 561 2133 liberum
574 2071 686 2151 habeo)
703 2074 770 2134 item
787 2072 865 2151 quod
880 2072 920 2132 lili
936 2072 1028 2133 omnis
1044 2088 1112 2130 eon·

18 2153 20 2234 J
116 2157 231 2215 ditionis
246 2157 469 2233 intelleguntur,
489 2165 547 2215 tam
564 2157 643 2215 servi
658 2173 743 2234 ιιιιιιιι
756 2156 890 2233 ingenui,
912 2153 996 2215 liberi
1016 2163 1112 2215 eutem

115 2256 172 2299 non
185 2239 319 2315 dicuutur
332 2241 388 2299 nisi
400 2242 448 2318 qui
464 2239 500 2300 ab
515 2240 647 2317 ingenuis
664 2248 827 2299 naseuntur.
918 2248 921 2256 ’
946 2258 948 2263 ·

80 2343 107 2383 ιι
175 2322 272 2402 Leges
291 2332 327 2386 et
333 2325 394 2384 iura
408 2323 467 2384 hoe
481 2322 577 2383 differt
584 2322 693 2401 ,quod
711 2324 772 2381 iura
788 2332 908 2402 reperta
923 2332 988 2383 suut
1003 2321 1039 2382 ab
1058 2321 1110 2382 ho·

116 2415 195 2465 nesta
215 2407 439 2475 eonsuetudine;
464 2406 554 2489 (uude
575 2409 659 2466 etiam
675 2408 719 2466 ius
731 2415 764 2465 et
785 2407 893 2465 iustitia
916 2406 978 2484 puri
999 2406 1112 2469 ratione

115 2489 244 2550 dicuntur
258 2489 295 2550 ab
310 2491 393 2550 unius
408 2492 546 2568 cuiusque
561 2486 639 2569 iure)
657 2489 752 2565 leges,
768 2488 844 2566 quod
861 2489 976 2547 eleetae
989 2488 1048 2545 sint
1065 2485 1112 2575 vel

114 2574 271 2632 sententies
285 2574 374 2631 artius
388 2572 548 2649 ligentseu
562 2572 693 2647 alligent.
779 2606 781 2617 ·
1098 2603 1100 2607 ·
1177 2569 1180 2580 '

175 2654 334 2732 Legionem
358 2664 388 2713 et
404 2654 552 2731 dilectum]
571 2654 651 2729 legio
668 2653 770 2713 dieitur
787 2652 915 2713 virorum
931 2651 1039 2713 electio
1051 2651 1110 2711 lor·

81 2739 181 2802 attium
197 2736 245 2797 vel
262 2746 359 2796 certus
374 2737 493 2797 militum
507 2751 652 2811 numerus,
668 2734 697 2795 id
712 2744 757 2794 est
769 2754 800 2801 v.
816 2748 872 2802 u0;
896 2734 1021 2797 dilectus
1037 2751 1111 2812 quon

101 2824 236 2884 ,maxime
251 2819 412 2897 diligimus,
433 2829 464 2880 ut
478 2820 555 2880 lilius
568 2827 708 2899 perennes
722 2827 866 2896 cognatos
881 2816 930 2877 uel
945 2816 1076 2887 iratres„

172 2903 338 2966 Ludibrium
362 2912 392 2963 et
416 2903 571 2988 ludicrum}
596 2901 748 2965 ludibrium
767 2904 796 2961 in
820 2901 939 2963 alterius
962 2903 1132 2969 iniuriam.
1186 2902 1189 2908 '
1221 2896 1222 2905 ’

114 2986 252 3047 ludicrum
270 3004 327 3065 ιιιιο
344 2988 401 3066 ipsi
419 2981 633 3048 delectemur
608 3004 671 3045 erue
686 2987 853 3063 cuiusquam
869 2986 1049 3047 contumelia

175 3070 215 3131 lli
235 3070 353 3131 etmihi
373 3070 430 3130 hou
446 3070 557 3145 differt,
574 3070 612 3129 ml
634 3086 794 3155 pronomen
816 3078 860 3129 est
876 3071 1002 3130 uouativi
1024 3083 1108 3125 nasus

81 3155 143 3213 35ιι
156 3154 237 3213 venit
249 3171 269 3213 ιι
283 3154 458 3214 nominative
474 3170 571 3220 meum
592 3152 661 3212 milri
677 3146 868 3233 compositum
882 3168 1042 3231 pronomen
1057 3149 1107 3211 du·

114 3238 162 3297 titi
179 3254 279 3305 tusum
301 3246 332 3298 et
344 3236 553 3315 malignando
568 3235 683 3313 ponitur
699 3254 753 3316 pro
771 3236 909 3297 adverbio
929 3234 1057 3295 edistius
1077 3240 1107 3291 ut

114 3320 183 3383 vulo
194 3339 237 3381 ms
231 3321 351 3399 frater
363 3321 528 3382 carissime
544 3319 642 3382 milti..

173 3404 327 3489 Miseratus
350 3414 381 3465 et
398 3404 545 3482 misertusl
566 3404 644 3483 ιιιιιιιι
658 3404 790 3467 ιιιιιιιιί
812 3376 983 3493 nelemitetis
1001 3406 1031 3459 et
1046 3396 1106 3457 lor·
