2475 3775
154 135 201 200 92.
240 149 271 198 c.
286 147 436 201 somnone
447 137 574 208 annue.
588 149 636 198 nn
649 151 731 202 mon
747 151 929 202 csasnnou
941 153 1010 200 uun.
1022 153 1073 200 111.

153 306 242 383 duxit,
254 303 428 383 quantumin
442 321 475 363 se
491 310 577 382 esset,
590 308 716 367 eborata
729 304 807 366 iliae
822 313 932 386 patrem
946 303 1143 384 frequentibus

152 391 256 450 litteris
271 387 361 448 etvel
376 397 528 466 utcumque
543 390 680 466 meritae,
702 388 837 468 quidquid
854 407 983 468 umquam
1004 389 1079 450 dono
1095 389 1142 450 de·

151 474 258 549 disset,
286 470 459 536 concedere.
503 470 662 532 Transaoto
685 482 777 532 autem
803 472 971 535 tribuniciae
989 475 1143 552 potestatis

151 567 300 636 ternpore,
317 555 469 616 confessus
485 553 615 632 tandem,
638 556 709 616 nibil
726 556 802 618 aliud
817 575 935 618 secessu
950 555 1094 619 devitasse
1107 575 1142 618 se

152 657 235 719 quam
250 639 447 698 aemulationis
461 656 527 698 curn
542 637 576 698 G.
585 639 731 718 Lucioque
747 641 943 719 suspitionem,
958 642 1030 719 petit
1044 648 1074 700 nt
1087 639 1160 708 subis

116 719 119 724 ’
135 735 255 784 ¹securo
270 722 326 781 iarn
338 721 374 782 ab
389 721 444 782 hac
458 730 550 800 parte,
563 723 765 784 conroboratis
778 723 866 796 biset
880 723 1036 784 secundum
1049 723 1142 794 locum

137 805 238 877 'iacile
252 805 423 882 tutantibus,
440 801 654 885 permitteretur
670 809 801 887 revisere
816 806 1058 886 necessitudines,
1074 825 1140 886 qua·

81 939 90 948 .
109 966 111 971 Ι
143 908 216 950 rum
231 886 374 948 desiderio
388 897 544 949 teneretur.
561 890 620 950 Sed
630 907 727 969 neque
740 891 903 970 impetravit
913 891 1044 970 ultroque
1058 892 1142 952 etiam

154 973 312 1045 admonitus
328 981 387 1048 est,
404 971 565 1033 dimdtmet
578 991 694 1034 omnem
711 991 817 1036 murcos
833 991 972 1047 morum,
989 991 1066 1054 quoe
1081 981 1142 1034 tom

109 1055 260 1136 incupide
276 1055 459 1136 reliquisset.
475 1055 623 1118 Remnnsit
636 1059 722 1136 igitur
732 1057 827 1120 Rhodi
843 1067 942 1118 contra
953 1059 1139 1134 voluntatem,
1149 1069 1174 1110 1⁰

126 1158 133 1169 ¹
149 1142 199 1199 vix
216 1157 271 1219 per
283 1148 401 1200 matrem
413 1149 594 1220 consecutus,
604 1149 637 1202 ut
651 1140 687 1202 ad
704 1141 1050 1220 velandam-ignominiam
1062 1146 1142 1223 qnasi

149 1223 262 1301 legatus
279 1222 410 1300 Augusto
428 1224 555 1285 abesset.
587 1301 590 1306 Ι
736 1243 738 1248 ·
1052 1255 1060 1262 “

210 1306 365 1368 Enimvero
380 1317 448 1368 tunc
462 1327 519 1368 non
538 1308 680 1388 privatum
700 1308 800 1387 inodo,
824 1309 876 1370 sed
890 1309 973 1369 etiam
988 1307 1141 1370 obnoxium

150 1401 180 1451 et
193 1389 333 1472 trepidum
348 1393 424 1469 egit,
440 1391 657 1453 mediterraneis
672 1395 750 1470 agris
766 1393 877 1454 abditus
890 1395 1042 1472 uitansque
1058 1409 1141 1471 prae·

149 1476 386 1552 ternavigantinm
398 1475 505 1552 cilicia,
521 1476 627 1556 quibus
638 1475 875 1555 frequentabatur
890 1475 1013 1556 assidua,
1029 1477 1172 1538 neminen
1222 1555 1223 1558 Ἴ

144 1576 213 1618 ‚cum
230 1561 352 1638 imperio
367 1568 415 1619 aut
429 1561 598 1636 magistratu
616 1559 753 1622 tendente
769 1577 916 1640 quoquam
926 1561 994 1639 quin
1008 1559 1140 1622 deverte-

85 1669 88 1671 Α
148 1650 195 1700 ret
211 1641 352 1702 Rhodum.
394 1642 433 1704 llt
451 1653 639 1705 accesserunt
656 1645 775 1704 maioris
803 1643 1000 1708 sollicitudinis
1024 1661 1140 1704 causae.

133 1723 277 1805 ¹Namque
296 1725 458 1804 privignum
471 1725 570 1787 Gaium
585 1726 694 1789 Orienti
717 1729 931 1808 praepositum,
950 1741 1013 1799 unm
1030 1726 1142 1788 visendi

147 1810 241 1886 gratia
254 1812 417 1870 traiecisset
431 1811 552 1890 Samum,
564 1811 730 1872 alieniorem
743 1813 803 1873 sibi·
813 1813 903 1872 sensit
918 1829 954 1875 ex
970 1812 1140 1872 criminatio·

148 1893 231 1955 nibus
245 1894 282 1955 bl.
296 1894 370 1955 Lolli
391 1897 502 1957 coinitis
518 1896 553 1956 ‘et
573 1898 696 1957 rectoris
717 1898 789 1959 eius.
832 1897 920 1957 Venit
938 1897 1023 1957 etium
1044 1896 1074 1955 in
1094 1912 1173 1957 soto

149 1979 314 2057 spitionem,
332 1998 387 2058 per
402 1978 541 2059 qoosdnm
553 1978 688 2041 beneficii
700 1984 743 2042 sui
758 1982 967 2046 cenmrionesa
983 1988 1141 2045 commeatu

149 2069 244 2121 castru
259 2065 419 2140 repetentis
433 2062 565 2124 mandata
581 2062 618 2123 ad
637 2064 800 2144 complures
822 2063 937 2125 dedisse
957 2063 1090 2141 ambigua
1112 2070 1142 2121 et

108 2183 111 2190 -
149 2162 221 2220 quae
242 2152 384 2223 temptare
403 2146 581 2224 singulorum
604 2149 713 2207 animos
726 2150 768 2213 ,ad
788 2166 879 2210 novas
900 2166 949 2208 nes
964 2147 1140 2209 viderentur.

147 2225 191 2284 De
208 2229 442 2306 qua'snspicione
465 2231 573 2290 certior
594 2230 629 2289 ab
645 2230 776 2309 Augusto
798 2234 908 2308 iactus,
932 2248 991 2291 non
1005 2230 1143 2291 *cessavit

148 2308 310 2385 efflagitare
331 2310 455 2389 aliquem
475 2312 628 2373 cuiuslibet
648 2313 755 2375 ordinis
780 2315 928 2377 custodem
948 2315 1033 2375 lactis
1054 2308 1174 2391 'atqueu

107 2391 232 2452 13dictis
248 2394 316 2453 suis.
359 2392 435 2473 Equi
449 2413 493 2474 ,qu
534 2414 570 2456 ue
589 2404 618 2455 et
639 2415 781 2459 armorum
798 2398 898 2459 solitas
914 2398 1142 2459 exercitationes

147 2477 243 2537 omisit
255 2476 426 2560 redegitque
441 2496 491 2555 so,
536 2481 650 2558 eposito
670 2485 763 2561 patrio
786 2482 898 2559 babitu,
921 2480 1096 2561 advpallium
1113 2487 1144 2539 et

147 2561 297 2641 crepidas,
313 2570 397 2642 atque
412 2562 441 2622 in
454 2562 505 2623 tali
518 2571 593 2625 statu
606 2564 802 2635 bienniolere
817 2566 987 2646 perdomuit,
1013 2574 1142 2625 oontem-

146 2646 204 2704 tior
220 2645 322 2705 indies
341 2656 371 2707 et
390 2646 525 2724 invisior,
548 2646 622 2708 adeo
641 2658 673 2709 ut
686 2652 825 2729 imagines
840 2652 902 2713 eins
916 2657 945 2711 et
959 2657 1067 2710 statuas
1081 2646 1142 2710 Ne·
1216 2652 1218 2657 '

147 2745 313 2789 mansenses
328 2730 535 2807 subverterint,
559 2749 594 2791 ac
610 2732 741 2796 innuliari
756 2734 896 2813 quondam
910 2732 1044 2795 convivio
1058 2748 1140 2793 men·
1151 2749 1176 2791 sc

147 2810 225 2869 none
241 2812 302 2872 eius
316 2815 393 2892 orta,
415 2814 542 2875 extiterit
556 2816 604 2894 qu'i
618 2816 689 2877 Guio
704 2817 906 2897 polliceretur,
927 2816 1080 2877 confestim
1095 2832 1142 2889 se,

147 2893 173 2949 si
192 2891 321 2971 iuberet,
338 2896 469 2957 Rbodnm
488 2900 685 2977 navigaturum
708 2907 849 2979 caputque
870 2900 963 2961 exulis
985 2899 1046 2977 (sic
1064 2899 1150 2975 eninr·

148 2974 363 3055 appellabatur)
375 2980 539 3040 relaturum.
583 2982 647 3057 Quo
663 2982 820 3061 praecipue
840 3000 898 3042 non
919 2984 973 3042 iam
986 2990 1069 3043 metu
1086 2980 1145 3041 sed

147 3056 310 3118 discrimine
333 3071 449 3121 coactns
470 3072 529 3139 est,
550 3072 607 3124 tam
629 3066 686 3124 suis
708 3066 908 3143 quammultis
930 3065 1145 3144 inpensissimis

146 3139 283 3220 precibus
296 3141 417 3202 reditum
431 3147 628 3225 expostulare,
639 3148 870 3227 impetravitque,
885 3148 995 3209 adiutus
1010 3146 1144 3227 aliquan·
1155 3163 1181 3205 as
1222 3218 1223 3233 ,

145 3234 204 3284 tum
218 3226 302 3286 etiarn
316 3242 395 3285 casn.
436 3226 614 3289 Destinntom
628 3230 758 3309 Augusto
772 3241 850 3309 erat,
865 3232 934 3292 nibil
949 3249 1038 3310 super
1052 3250 1092 3294 en
1110 3252 1146 3293 re
1222 3238 1223 3305 l

146 3310 252 3370 nisiex
267 3307 413 3368 voluntate
428 3311 543 3369 maioris
556 3312 604 3372 uli»
613 3324 753 3383 statuere;
775 3316 800 3375 is
812 3317 890 3376 forte
905 3324 972 3375 tuno
989 3314 1029 3376 ni.
1045 3315 1147 3377 Lollio
1222 3312 1223 3319 '

69 3387 71 3402 '
147 3393 300 3469 offensior,
316 3390 410 3465 lucilio
427 3393 641 3473 exorabdisqne
657 3398 685 3458 in
701 3399 831 3460 otricum
844 3398 912 3459 tuit·
949 3396 1147 3461 Permittente
1222 3450 1223 3457 ,

91 3654 270 3735 Α·
