2475 3775
137 72 148 107 t

122 141 182 204 182
214 153 245 201 o.
261 151 411 200 sunuom
428 149 555 208 ranno.
570 149 618 199 nn
634 148 718 196 vrrs
736 147 918 196 caesanam
933 149 1001 196 nun.
1015 147 1060 194 vu.

46 336 49 342 ·
86 314 90 318 ’
122 324 205 389 quam
229 315 332 387 postea
352 303 470 386 publicq
492 319 527 375 se
548 301 619 375 illpd
639 301 728 362 horae
749 305 811 362 siue
832 301 954 364 tribunis
976 301 1117 363 commisit

122 389 227 473 procul
242 399 272 450 et
286 388 401 449 occulte
415 384 666 465 subsequentibus.
699 384 826 446 Interdiu
839 402 959 464 quoque
973 385 1047 446 olam
1060 403 1114 462 ge·

122 477 240 538 statoria
255 473 329 534 sella
344 471 456 535 delatus
470 466 500 530 in'
513 470 663 545 theatrum,
677 469 867 530 seditionibus
880 471 1114 548 pantomimorum

122 580 139 620 e
155 567 237 639 parte
251 558 406 638 proscaeni
420 557 573 634 superiore
586 553 708 630 signifer
722 553 804 614 simul
824 571 860 612 ac
879 561 1029 632 spectator
1050 552 1114 612 ade·

40 658 43 711 ξ
121 651 179 712 rat;
195 651 304 703 etcum
318 639 354 700 ad
367 656 466 699 manus
482 647 598 698 ventum
612 646 693 697 esset
703 634 905 717 lapidibusque
920 646 949 697 et
963 636 1137 704 subsellio-5

32 734 44 760 ·“
120 743 183 788 rum
198 723 386 802 fragminibus
397 723 613 799 decerneretur,
628 721 715 780 multa
729 723 833 800 etipse
845 721 914 780 iecit
926 721 1113 801 inpopulum,

44 814 52 837 ·'
78 821 208 890 qqatque
223 811 307 869 etiam
326 808 468 888 praetoris
488 814 576 884 caput
590 805 795 864 consauciavit.
840 805 978 864 Paulatim
992 823 1064 864 vero
1075 807 1114 864 in·

62 886 64 895 '
122 891 339 954 valescentibus
354 891 443 964 vitiis,
458 889 596 963 iocularia
611 897 641 948 et
655 889 893 949 latebrasomisit
909 888 1115 968 nullaquedis·
1135 881 1140 890 ’

122 976 272 1043 simulandi
286 993 355 1034 cura
370 975 405 1034 ad
423 975 532 1032 maiora
547 973 642 1050 palam
658 974 761 1052 erupit.

71 1120 76 1127 ,
184 1059 294 1139 Epulas
308 1077 324 1117 a
340 1057 434 1117 medio
451 1054 498 1115 die
517 1055 553 1115 ad
562 1056 684 1137 mediam
696 1067 810 1126 noctem
820 1055 1020 1146 protrahebat,
1036 1056 1112 1116 reio·
1124 1069 1148 1110 1o
1218 1088 1221 1094 ·

122 1152 167 1204 tus
182 1143 298 1221 saepius
314 1141 414 1201 calidis
430 1141 548 1219 piscinis
567 1159 602 1200 ac
624 1148 755 1219 tempore
775 1142 886 1202 aestivo
908 1140 1028 1208 nitatis3
1050 1157 1115 1200 cae·

71 1238 76 1248 “
121 1225 287 1304 nitebatque
301 1239 510 1303 nonnumquam
526 1232 556 1283 et
575 1226 605 1283 in
626 1222 755 1302 publico,
777 1223 942 1287 naumachia
965 1223 1118 1302 praeclusa

121 1311 171 1370 rel
183 1309 285 1370 llartio
307 1327 409 1388 campo
430 1307 477 1368 rel
500 1309 579 1368 circo
600 1309 734 1385 marimo,
757 1310 832 1371 inter
850 1317 1014 1369 scortorum
1032 1309 1118 1367 totins

122 1393 201 1454 urbis
227 1401 255 1452 et
281 1392 491 1453 ambubaiarum
514 1392 680 1468 ministeria.
724 1393 865 1474 Quotiens
885 1391 992 1452 Ostiam
1019 1391 1117 1452 Tiberi

65 1517 68 1523 -
122 1477 263 1538 deflueret
277 1486 325 1537 aut
338 1476 474 1537 Baianum
490 1477 580 1535 sinum
596 1478 872 1555 praeternavigarct,
891 1477 1050 1555 dispositae
1063 1493 1117 1553 per
1127 1494 1150 1536 te

120 1551 209 1621 litoia
231 1569 261 1620 et
295 1563 375 1640 ripas
406 1561 592 1620 deuersoriae
619 1559 756 1620 tabernae
784 1559 959 1641 parabantur
986 1561 1118 1636 insignes

121 1661 216 1722 ganea
232 1647 262 1702 et
275 1653 467 1703 matronarum
480 1644 623 1703 institorio
647 1661 737 1722 copas
757 1645 923 1705 imitantium
946 1654 1032 1721 atque
1051 1642 1118 1703 hinc

120 1727 187 1787 inde
201 1727 375 1788 hortantium
389 1736 421 1786 ut
435 1726 608 1807 appelleret.
652 1727 801 1788 indicebat
814 1737 843 1788 et
854 1727 1040 1788 familiaribus
1051 1744 1117 1786 cae-

24 1830 26 1833 ·
93 1805 99 1901 J
120 1827 185 1886 uas,
203 1829 323 1890 quorum
337 1811 385 1870 uui
396 1811 526 1871 mitellita
541 1809 716 1890 quadragies
731 1813 866 1903 septentio
879 1811 1016 1889 constitit,
1034 1810 1118 1870 alteri

78 1902 97 1978 ,J
121 1895 214 1974 pluris
230 1896 375 1976 aliquanto
389 1897 511 1956 rosaria.
598 1880 690 1965 ΫΨ
712 1883 755 1913 Μ’
1008 1916 1014 1929 ’
1126 1916 1153 1957 ao

86 2007 122 2061 23
186 1981 281 2058 Super
296 1983 485 2057 ingenuorum
501 1980 686 2059 paedagogia
702 1988 737 2039 et
745 1988 896 2058 nuptarum
912 1976 1119 2039 concubinatus

122 2062 243 2134 Vestali„
256 2065 360 2139 virgini
380 2063 507 2128 Rubriae
529 2067 586 2124 vim
605 2064 715 2139 intulit,
738 2063 833 2123 Acten
849 2062 983 2123 libertam
1003 2060 1118 2142 paulum
1226 2120 1227 2137 ,

121 2145 191 2204 aiuit
204 2146 272 2222 quin
289 2148 363 2205 iusto
378 2146 432 2206 sibi
452 2148 632 2209 matrimonio
653 2148 851 2223 coniungeret,
872 2147 1028 2207 sununissis
1050 2162 1117 2206 oon·
1226 2144 1227 2179 ³

72 2221 75 2227 ’
121 2226 265 2286 sularibus
280 2228 348 2287 viris
366 2232 413 2306 qui
433 2231 517 2305 regio
537 2248 649 2307 genere
674 2239 765 2290 ortam
791 2232 973 2309 peierarent;
998 2242 1118 2310 puerum

40 2326 43 2330 ’
121 2310 245 2388 Sporrnn
261 2312 374 2369 exectis
391 2305 512 2370 testibus
530 2315 619 2374 etiam
639 2316 667 2372 in
687 2312 856 2373 muliebrem
875 2325 1004 2374 naturam
1025 2321 1152 2374 mansae

120 2394 247 2470 figurare
262 2402 393 2471 conatus,
409 2411 473 2455 eum
487 2394 555 2455 dote
572 2406 603 2456 et
616 2396 746 2457 flammeo
762 2416 816 2477 per
833 2398 984 2459 sollemnia
1005 2398 1115 2474 nuptia·

119 2494 180 2537 rum
205 2474 397 2537 celeberrimo
419 2471 517 2538 cilicio
538 2480 690 2550 deductum
712 2480 749 2540 ad
770 2500 802 2541 se
822 2499 876 2561 pro
899 2499 991 2541 uxore
1008 2479 1116 2540 babuit.

119 2558 264 2641 Extatque
280 2560 424 2622 cniusdam
438 2579 495 2621 non
507 2564 627 2623 inscitus
639 2566 731 2642 iocus,
747 2563 822 2627 berse
837 2566 890 2645 aqi
898 2565 1038 2643 poterisne
1049 2580 1117 2624 cam

118 2644 213 2705 rebec
227 2645 380 2723 hemonis,
395 2646 427 2706 ti
435 2644 588 2716 Domitius
599 2656 692 2727 poter
703 2649 794 2709 tolero
804 2648 1114 2712 monteacuccorem.

90 2783 93 2786 ,
118 2726 201 2786 Hunc
220 2729 356 2807 Sporum,
377 2730 570 2807 Augustarum
591 2734 764 2794 ornamentis
780 2733 928 2794 ,excultum
950 2732 1150 2809 lecticaqucao

119 2819 251 2886 vectum,
276 2823 305 2872 et
328 2817 406 2874 circa
427 2825 585 2874 conventus
604 2826 804 2896 mercatusque
826 2816 966 2877 Graeciae
992 2830 1116 2875 aemon

119 2890 229 2950 Romae
246 2897 324 2954 circa
338 2897 483 2973 Sigillaria
500 2899 657 2961 'comitatus
676 2910 731 2977 est,
755 2898 908 2961 identidem
930 2898 1114 2959 exosculans.

119 2972 192 3032 Nam
206 2978 304 3037 matris
319 2981 499 3041 concubitum
515 2986 664 3062 appetisse
678 2994 708 3044 et
723 2983 759 3045 ab
777 2983 1020 3045 obtrectatoribus
1042 2982 1115 3056 eius,

119 3074 156 3114 ne
171 3057 258 3117 ferox
273 3068 359 3138 atque
373 3064 515 3141 impotens
529 3067 632 3127 mulier
641 3078 675 3127 ¹et
688 3067 744 3128 hoc
760 3083 871 3145 genere
892 3070 1006 3144 gratiae
1030 3082 1113 3145 prae

119 3139 242 3217 valeret,
257 3140 432 3222 deterritum,
447 3154 532 3208 nemo
553 3149 706 3227 dubitavit,
728 3152 826 3229 utique
846 3160 999 3233 postquam
1021 3158 1149 3213 mere-³³

118 3224 229 3300 tricem,
245 3242 329 3303 quarn
344 3226 419 3285 lama
434 3240 497 3288 erat
512 3230 693 3312 Agrippinae
710 3235 895 3311 simillimam,
915 3237 994 3297 inter,
1006 3249 1113 3293 coucu-

117 3303 334 3386 binasrecepit
379 3307 453 3368 Olim
470 3315 554 3373 etiam
570 3319 702 3393 quotiens
718 3318 823 3380 lectica
840 3336 903 3380 cum
917 3327 1009 3379 matre
1025 3316 1113 3377 vebs-

116 3396 206 3469 retur,
218 3390 394 3452 libidinatum
405 3392 516 3473 inceste
528 3414 563 3455 ac
572 3400 692 3460 maculis
703 3403 793 3461 vestis
805 3402 950 3482 proditum
959 3401 1112 3463 affirmant.

175 3695 196 3733 k
