2475 3775
484 122 590 202 ottus
609 149 722 200 ιιιιιι.
1041 139 1104 202 237

118 316 279 370 statuarrnu
286 315 316 367 et
328 305 482 382 imaginum
497 306 559 366 eius
571 304 750 366 multitudine
765 323 801 366 ae
817 306 905 389 titulis
927 324 980 384 per
999 315 1104 376 utram

120 410 175 472 qne
189 391 412 471 provinciam.-

105 513 108 521 -
178 475 251 537 Post
263 472 406 554 stipendia
420 471 499 533 foro
497 489 623 552 operam
638 472 725 550 dedit,
740 472 891 534 honestam
912 475 1004 550 magis
1022 491 1105 552 quam

25 544 39 575 ²
117 561 280 637 assiduam,-
296 557 468 643 eodemque
477 561 609 636 tempore
628 555 809 618 Arreoidiarn
826 556 1000 634 Tertullam,
1023 567 1105 635 patre
1138 560 1141 566 '

6 681 10 718 ι
96 652 163 724 teq.
183 645 230 706 u.
242 642 297 704 sed
317 635 469 722 praelecto
491 640 635 718 quondam
662 641 921 720 praetorianarum
935 639 1110 717 cohortium,

7 746 10 800 ι
116 728 197 788 duxlt
211 740 332 786 uxorem
342 734 372 786 et
382 725 412 784 in
422 723 576 786 defunctae
587 725 685 788 locum
695 722 831 788 Marciam
841 724 997 786 Furnillam
1009 725 1106 804 splen·

6 849 8 885 ι
116 811 173 873 didi
187 812 319 888 genoris3
335 825 399 870 cum
415 826 481 888 qua,
496 805 610 871 snhlata
623 809 691 886 utta,
706 808 860 870 divortium
874 809 954 871 iecit.
1018 835 1019 842 ι

179 894 227 955 ιιιι
247 903 427 972 quaesturae
435 891 540 965 deinde
554 893 667 954 honore
681 893 796 971 legioni
809 893 1013 992 praepositus,
1028 893 1107 954 'lari-

116 979 205 1042 cheas
219 987 249 1038 et
263 977 407 1040 Gamalam
421 974 511 1038 urhes
526 976 651 1038 Iudaeae
665 977 887 1040 ualidissimas
879 996 908 1038 ιιι
933 985 1108 1057 potestatem

83 1079 109 1121 ιι
116 1063 245 1141 redegit
266 1079 342 1144 equo
365 1061 487 1140 quadam
506 1063 573 1122 aoie
589 1061 643 1122 suh
660 1061 812 1124 luminibus
827 1063 935 1125 amisso
955 1061 1129 1142 alteroque.

116 1149 262 1224 inscenso,
279 1147 361 1206 cuins
378 1154 477 1207 rector
493 1147 585 1207 circa
589 1163 622 1207 se
640 1143 787 1206 diruieans
794 1147 981 1207 occubuerat
1070 1167 1075 1182 ι

176 1230 267 1291 Galba
281 1247 350 1290 mox
364 1237 482 1290 tenente
498 1246 559 1288 rem
576 1246 605 1308 p.
622 1230 727 1290 missus
742 1229 778 1290 ad
798 1230 1011 1312 gratudandum,
1038 1249 1106 1309 qua·
1121 1238 1138 1292 ι

117 1333 173 1394 qua
190 1315 248 1377 iret
268 1313 412 1374 conuertit
430 1313 581 1390 homines,
605 1313 688 1392 quasi
710 1304 873 1394 adoptionis
896 1315 990 1390 gratia
1010 1331 1107 1374 arces·

117 1407 238 1460 seretur.
288 1396 348 1457 Sed
375 1395 425 1456 nbi
445 1397 552 1457 turbari
574 1413 676 1456 rursus
700 1406 803 1458 cuncta
831 1398 937 1476 sensit,
968 1396 1044 1458 redit
1071 1416 1110 1456 ex

83 1483 238 1558 asidaeis,
253 1479 391 1558 aditoque
405 1479 534 1560 Paphiae
550 1481 676 1548 Veneris
690 1481 825 1558 oraculo,
848 1479 914 1541 dum
932 1481 969 1541 de
989 1481 1108 1557 naviga*

116 1568 195 1628 tione
209 1564 352 1642 consulit,
369 1565 455 1625 etiarn
467 1563 506 1624 de
520 1565 636 1645 imperii-
650 1583 706 1646 spe
726 1565 912 1627 confirmatus
932 1573 986 1627 est.
1021 1563 1109 1626 Cuius

115 1650 199 1712 hrevi
216 1664 354 1728 compos,
373 1657 404 1708 et
419 1649 455 1709 nd
471 1648 694 1727 perdomandam
707 1648 846 1713 Iudaeam·
856 1649 990 1726 relictus,
1012 1650 1108 1710 noris·

116 1732 1109 1813 simallierosolymornmoppugnationeduodecimpropugnatores

114 1816 235 1880 totidem
249 1817 417 1894 sagittarum
431 1815 561 1876 confecit
573 1817 693 1895 ictibus,
717 1818 854 1897 cepitque
870 1835 905 1877 ea
925 1813 1013 1878 natali
1033 1817 1109 1876 filiae

79 1913 107 1953 ιι
116 1920 188 1965 snae
203 1910 281 1962 tanto
296 1900 414 1961 militum
429 1900 536 1979 gaudio
551 1919 587 1962 ac
600 1902 715 1978 lavore,
726 1910 758 1961 ut
772 1903 801 1961 in
816 1902 1007 1979 gratulatione
1018 1903 1112 1980 imped

114 1996 244 2051 retorem
256 2003 322 2046 enm
337 1984 582 2046 consalutauerint
595 1994 626 2045 et
640 1985 761 2047 subinde
783 1984 983 2047 decedentem
993 1986 1109 2065 provin·

117 2069 367 2148 oiadetinnerint,
394 2069 565 2149 suppliciter
576 2088 637 2132 nec
655 2086 714 2131 non
734 2078 764 2131 ct
781 2070 932 2131 minaciter
949 2070 1109 2146 efflagitan·
1212 2106 1215 2123 .

7 2152 9 2157 ’
115 2164 178 2231 tes,
198 2162 247 2215 ant
271 2162 436 2215 remaneret
465 2163 516 2215 aut
544 2156 761 2216 secnmomnis
794 2154 904 2234 pariter
939 2153 1107 2215 abduceret.

115 2237 200 2301 Unde
215 2246 281 2300 nata
296 2238 425 2317 suspicio
440 2247 495 2317 est,
511 2240 592 2319 quasi
609 2238 779 2301 desciscere
794 2256 811 2299 a
827 2247 909 2317 patre
925 2238 1109 2318 Orientisque

78 2331 240 2399 ²⁵regnum
257 2321 312 2383 sihi
325 2319 474 2384 vindicare
487 2332 673 2403 temptasset3
698 2341 783 2403 quam
803 2324 999 2403 suspicionem
1021 2324 1109 2398 auxit,
1179 2316 1185 2328 '

115 2414 270 2486 postquam
281 2406 487 2468 Alexandriam
498 2410 642 2487 potensin
656 2407 860 2469 consecrando
872 2407 948 2486 apud
955 2405 1110 2484 Memphim

36 2506 44 2516 ·
114 2489 305 2569 toveaptte
320 2490 450 2552 diadema
470 2494 612 2569 gestarit,
634 2490 671 2552 de
686 2508 768 2551 more
784 2490 900 2589 quidem
916 2491 1031 2565 rituque
1054 2488 1109 2565 pri

115 2591 187 2635 snae
201 2575 369 2651 religionis;
385 2573 439 2634 sed
452 2590 511 2633 non
521 2574 641 2634 deerant
653 2577 702 2651 qui
713 2561 831 2652 sequius
844 2574 1110 2649 interpretarentur.

117 2658 215 2733 Quare
232 2658 403 2717 festinans
393 2674 423 2715 ιιι
436 2654 557 2732 ltaliam,
571 2674 636 2716 cnm
648 2658 782 2733 Regium,
799 2654 865 2715 dein
882 2654 1022 2717 Puteolos
1042 2672 1110 2714 ona·

78 2742 193 2802 auraria
207 2758 283 2801 nave
297 2738 467 2818 appulisset,
485 2738 605 2800 Romam
622 2739 688 2799 inde
710 2738 856 2799 contendit
879 2737 1111 2817 expeditissimus

114 2824 336 2922 inopinantique
351 2822 442 2902 patri,
459 2822 539 2883 velut
552 2840 678 2899 arguens
693 2839 836 2883 rumorum
856 2822 892 2884 de
913 2840 946 2883 se
966 2826 1109 2885 temerita-

114 2918 186 2984 tem,
209 2904 284 2967 Verri
298 2908 398 3007 inquit,
410 2912 514 2985 pater,
531 2907 610 2969 oeni.
641 2906 744 3007 Neque
760 2924 798 2967 ex
813 2924 849 2967 eo
866 2908 976 2969 destitit
995 2907 1110 3007 partiei-
1125 2918 1142 2971 6

116 3010 185 3073 pem
203 2998 291 3070 atque
299 2992 389 3053 etiam
404 2993 554 3053 tutorem
545 2993 659 3072 imperii
679 3009 779 3069 egere.

181 3074 380 3155 Triumphauit
394 3093 458 3135 curn
477 3087 561 3155 patre
581 3092 793 3175 censuramque
811 3079 904 3157 gessit
923 3096 994 3155 una,
1017 3077 1110 3138 eidem

78 3160 237 3239 stoollega
252 3170 281 3222 et
296 3162 326 3221 in
345 3160 497 3221 trihunioia
516 3170 662 3241 potestate
683 3160 761 3221 etin
781 3170 892 3241 septem
914 3160 1110 3224 consulatibus

115 3246 188 3314 inita
202 3254 381 3325 receptaque
398 3245 434 3306 ad
450 3264 482 3305 se
499 3263 593 3348 prope
612 3246 737 3307 omnium
757 3246 917 3307 officiorum
940 3263 1008 3305 eura
1029 3246 1110 3323 (oum

116 3330 209 3409 patris
223 3332 341 3392 nomine
356 3339 386 3391 et
402 3331 564 3430 epistolas
556 3349 621 3411 ipse
637 3330 759 3395 dictaret
773 3340 806 3393 et
827 3332 922 3391 edicta
943 3326 1109 3389 conscribe·

115 3422 164 3477 ter
183 3417 388 3497 orationesque
408 3416 437 3477 iu
458 3425 560 3478 senatu
579 3416 717 3479 recitaret
738 3416 825 3479 etiam
845 3413 1009 3493 quaestoris
1027 3412 1108 3489 vioe)
