2475 3775
487 206 490 213 s
538 127 725 221 *amentum
1063 119 1122 183 103

128 305 184 369 pro
201 285 244 344 itu
257 288 287 344 et
303 281 397 346 reditu
411 299 464 344 suo
479 285 588 365 suscipi
602 302 722 364 passus,
744 291 774 344 ut
788 274 879 362 luigo
890 284 946 347 iam
961 303 1014 365 per
1027 286 1124 348 iocum

128 370 195 434 Gal
204 369 230 430 li
239 387 258 450 p
265 369 370 448 pides
381 377 535 429 vocaretur
547 372 649 450 (quaem
661 369 800 429 cursitare
813 387 847 430 ae
859 369 997 451 ne'cuiriti
1009 373 1123 450 quidem

124 472 289 517 mensuram
304 452 444 532 progredi
458 453 617 532 proverbio
634 452 746 514 Graeco
762 462 887 530 notatum
902 455 973 530 est).
1004 457 1063 516 Sed
1077 475 1122 516 or·
1131 473 1166 530 39

126 541 212 601 batus
235 547 360 616 utroque
379 537 457 616 lilio,
485 555 606 617 quorum
628 537 813 598 Germanicas
841 539 989 616 insyria,
1014 540 1124 600 Drusus
1218 543 1226 554 “

103 625 239 688 sRomee
253 621 380 699 obierat,
400 639 548 682 secessum
563 620 737 702 Campaniae
755 622 841 699 petit;
865 624 1050 684 constantiet
1063 626 1124 704 opi·

124 704 213 788 nion'e
234 715 263 767 et
283 723 416 781 sermone
435 724 528 785 paene
550 707 674 766 omnium
694 706 775 785 quasi
799 724 893 785 neque
909 706 1052 768 rediturus
1065 723 1124 768 um·
1176 725 1180 730 ·

125 811 211 872 qnam
235 799 267 851 et
290 792 348 851 cito
372 800 494 851 mortem
518 791 605 852 etiam
632 789 769 849 obiturus.
809 791 895 866 Quod
918 791 1005 870 paulo
1032 794 1124 852 minus

124 886 276 954 utrumque
292 876 481 952 evenit;‚nam
492 875 718 954 nequeRomam
732 874 852 954 amplius
863 874 957 952 rediit,
973 885 1003 936 et
1014 895 1124 957 paucos

127 969 196 1040 post
216 960 280 1020 dies
298 959 377 1020 iuxta
391 958 575 1020 Tarracinam
595 959 624 1017 in
647 960 811 1037 praetorio,
834 961 1058 1041 euiSpeluneae
1073 971 1123 1020 rto·
1177 961 1192 1024 ’.

89 1052 272 1121 summost,
298 1043 468 1117 incessante
489 1061 526 1102 eo
548 1042 698 1122 complura
716 1051 744 1102 et
766 1044 895 1122 ingentia
915 1060 984 1106 saxa
999 1045 1123 1122 'fortuito

126 1125 255 1206 superne
273 1125 393 1206 delapsa
413 1136 495 1204 sunt,
515 1126 670 1208 multisque
682 1128 870 1194 convivarum
885 1137 914 1188 et
931 1130 1124 1190 ministrorum

126 1212 221 1289 elisis,
239 1220 356 1291 praeter
370 1230 451 1289 spem
466 1213 568 1274 evasit.

189 1296 345 1373 Peragrata
362 1294 544 1375 ¹Campania,
572 1314 639 1357 com
666 1295 794 1378 Capuae
812 1293 999 1376 Capitolium,
1028 1295 1166 1372 Nolae40

125 1379 263 1459 templum
285 1377 421 1458 Augusti,
448 1399 532 1459 quam
559 1388 674 1442 eausam
698 1382 888 1462 profectionis
910 1380 1124 1462 praetenderat,

88 1439 116 1518 tl
124 1464 303 1542 dedicasset,
324 1462 452 1544 Capreas
463 1467 652 1543 se'oontulit,
674 1467 833 1546 praecipue
847 1465 1008 1528 delectatus
1023 1466 1125 1544 insula,

124 1549 205 1629 quod
218 1566 279 1609 uno
294 1565 444 1629 parvoque
458 1549 543 1611 litore
558 1550 698 1629 adiretur,
721 1559 804 1630 septa
820 1549 945 1630 nudique
960 1552 1124 1630 praeruptis

122 1635 280 1696 immensae
302 1632 459 1693 altitudinis
482 1635 602 1714 rupibus
628 1645 658 1696 et
684 1635 828 1716 profundo
851 1637 935 1695 mari.
967 1628 1124 1715 Statimque

6 1762 7 1765 ,
122 1727 282 1780 revocante
302 1716 417 1778 assidua
440 1717 635 1780 obtestatione
653 1719 762 1799 populo
782 1728 904 1798 propter
920 1718 1045 1796 cladem,
1068 1737 1124 1797 qua

123 1801 202 1880 apud
212 1801 337 1862 Fidenas
350 1819 438 1880 snpra
449 1803 551 1878 viginti
566 1802 710 1864 hominum
725 1803 802 1862 milia
818 1802 989 1880 gladiatorio
1005 1815 1124 1870 munere

86 1885 324 1966 roamplritlreatri
352 1886 434 1947 ruina
454 1888 618 1966 perierant,
645 1890 756 1949 transiit
778 1888 1019 1953 incontinentem
1041 1896 1122 1966 pote·

121 1980 283 2050 etatemque
298 1969 428 2031 omnibus
443 1970 565 2032 adeundi
580 1974 623 2031 sui
637 1972 721 2033 iecit:
743 1980 822 2033 tanto
835 1972 944 2048 magis,
960 1971 1037 2049 quod
1052 1969 1123 2030 urbe
1187 1974 1188 1980 ’

122 2055 280 2133 egrediens
300 2072 338 2114 ne
359 2055 407 2133 qui
423 2074 456 2115 se
471 2056 674 2136 interpellaret
688 2056 820 2135 edixerat
833 2068 868 2117 ao
882 2054 1122 2134 totoritiueread·

77 2216 80 2220 ¹
121 2140 218 2199 euntis
234 2138 429 2200 submoverat.
459 2215 467 2225 .
504 2136 507 2141 ’

176 2224 347 2301 ¹Regressus
365 2222 394 2282 in
413 2223 549 2302 insulam,
573 2226 617 2285 rei
637 2244 666 2305 p.
689 2224 802 2305 quidem
823 2242 1031 2305 erramusque
1048 2223 1122 2285 adeo
1130 2239 1163 2293 41

84 2306 246 2383 mahtedi,
266 2316 297 2366 ut
315 2316 418 2386 postea
438 2326 497 2369 uon
517 2309 650 2371 decurias
673 2312 799 2389 equitum
819 2327 951 2388 umquam
962 2310 1122 2389 supplerit,

120 2410 181 2453 nou
201 2389 331 2450 tribunos
352 2391 469 2453 resilitum
484 2394 720 2473 praefectosque,
737 2412 795 2455 uon
810 2394 1023 2473 prouinciarum
1038 2410 1121 2472 prae·

119 2474 201 2535 sides
213 2474 291 2535 ullos
305 2479 473 2554 mutaverit,
487 2478 652 2557 Hispaniam
670 2488 699 2539 et
711 2478 822 2553 Syriam
840 2489 893 2556 per
907 2478 1016 2555 aliquot
1031 2492 1122 2536 annos

119 2561 185 2619 sine
201 2558 402 2619 consularibus
414 2560 520 2639 legatis
533 2561 677 2639 hahuerit,
690 2561 856 2622 Armeniam
873 2578 889 2619 a
903 2558 1015 2620 Parthis
1030 2576 1119 2618 oceu-

120 2644 194 2723 pari‚
205 2642 345 2704 Moesiam
356 2662 373 2705 a
383 2643 471 2716 Dacis
482 2646 689 2724 Sarmatisque,
700 2645 807 2705 Gallias
823 2663 840 2705 a
854 2643 1002 2705 Germanis
1014 2643 1122 2703 vastari

82 2726 302 2803 soneglexerit:
321 2744 426 2804 magno
450 2725 596 2787 dedecore
615 2729 729 2807 imperii
749 2745 805 2788 nec
820 2728 931 2786 minore
946 2724 1122 2786 discrimine.

120 2810 258 2871 Ceterum
282 2813 391 2871 secreti
414 2811 559 2871 licentiam
584 2821 705 2871 nanctus
725 2820 758 2871 et
779 2811 860 2891 quasi
882 2809 1005 2877 ciuitatis
1020 2804 1163 2871 'oeulislt

117 2903 266 2972 remotus,
284 2903 386 2955 euucta
403 2896 485 2955 simul
501 2896 571 2956 vitia
584 2895 658 2957 male
674 2895 722 2956 diu
738 2894 913 2956 dissimulata
924 2893 1038 2955 tandem
1053 2912 1119 2973 pro·

117 2978 207 3040 ludit:
232 2978 269 3039 de
294 2978 397 3056 quibus
419 2979 584 3057 singillatim
605 2980 641 3040 ab
662 2978 784 3039 exordio
804 2978 939 3039 releram.
965 2978 1120 3039 incastris
1140 3050 1151 3057 .

116 3063 174 3124 tiro
202 3064 289 3123 etiam
314 3073 372 3123 tum
396 3069 519 3143 propter
538 3064 651 3125 nimiam
671 3064 730 3123 vini
749 3062 912 3123 aviditatem
929 3080 983 3141 pro
999 3062 1117 3122 Tiberio

82 3145 311 3224 esBilrerius‚
326 3166 380 3228 pro
396 3147 516 3209 Claudio
533 3146 701 3235 Caldius,
717 3164 771 3227 pro
786 3146 1015 3209 Nerouelllero
1031 3162 1116 3205 voca·

116 3230 212 3291 betur.
229 3230 336 3292 Postea
350 3233 489 3312 princeps
502 3234 531 3292 in
543 3234 607 3310 ipsa
620 3231 801 3311 publicorum
812 3249 926 3293 morum·
934 3230 1118 3289 correctione
1173 3266 1179 3293 .,

117 3332 184 3375 cum
199 3313 359 3394 Pomponio
375 3316 483 3378 Flacco
498 3325 528 3376 et
542 3316 573 3377 ir.
588 3316 695 3376 Pisone
708 3324 825 3376 noctem
841 3312 1060 3392 continuumque
1076 3309 1116 3368 bi·

116 3398 203 3459 duum
219 3398 363 3477 epulando
377 3400 562 3480 potandoque
575 3401 761 3481 consumpsit,-
777 3416 899 3480 quorum¹
910 3394 994 3457 alteri
1005 3392 1117 3467 Syriam
