2475 3775
131 129 193 195 162
212 122 217 130 ’
234 139 730 199 c.sunnoru1nunuo.nnvrus
747 139 929 202 csusnsnrr
946 139 1014 188 urna
1026 139 1060 186 v.
1214 5 1218 202 d

131 294 198 376 quin
214 294 251 354 de
275 292 491 355 condicionibus
505 295 641 355 continuo
656 302 809 371 tractaret,
831 295 914 360 etiam
930 293 969 362 de
979 292 1123 372 Paetinae,

131 384 215 459 quarn
230 377 298 438 olim
320 387 477 455 exegerat,
503 377 596 456 deque
610 376 719 438 Lolliae
739 375 888 454 Paulinae,
911 376 1032 456 quaeG.
1052 375 1122 439 Cae-

131 463 189 524 sari
204 470 297 541 nupta
316 461 419 522 fuerat.
444 463 553 524 Verum
571 460 729 522 inlecebris
747 461 946 540 Agrippinae,
962 461 1121 524 Germanici

88 573 97 590 ·
130 547 228 608 trabis
251 547 295 605 sui
316 546 410 622 filiae,
432 563 487 625 per
503 546 547 605 ins
568 545 709 613 osculict
727 543 925 606 blanditiarum
950 547 1122 612 occasiones

131 629 275 709 pellectus
290 631 319 689 in
334 647 476 706 amorem,
500 627 668 702 subornarit
683 630 817 708 proximo
833 637 932 692 senatu
951 629 999 707 qni
1022 647 1142 694 oense-c

130 723 216 789 rent,
226 711 388 790 cogendum
403 732 435 772 se
451 712 487 772 ad
506 711 666 772 ducendum
686 729 749 773 eam
767 729 903 791 uxorem,
926 713 1007 792 quasi
1029 714 1072 776 rei
1091 707 1120 792 p'.

128 797 251 858 maxime
259 799 427 874 interesset,
439 795 617 875 dandamque
627 796 732 858 ceteris
743 797 855 858 veniam
866 796 965 858 talium
973 797 1120 874 coniugio·

129 899 205 957 rum,
219 898 292 959 quae
306 880 341 940 ad
354 880 385 940 id
395 889 508 960 tempus
520 881 632 942 incesta
644 879 832 940 habebantur.
848 880 894 952 Ac
905 881 955 942 vix
967 898 1024 942 unc
1035 882 1128 955 inter-2

130 966 225 1044 posito
255 963 301 1022 die
326 963 456 1024 confecit
481 964 608 1043 nuptias;
628 980 690 1024 -non
714 967 840 1044 repertis
862 964 910 1043 qui
932 972 1120 1042 sequerentur
1219 1029 1220 1040 ,

131 1047 309 1126 exemplum,
323 1057 450 1126 excepto
465 1047 600 1110 libertino
623 1048 760 1127 quodam,
783 1057 812 1108 et
831 1047 923 1114 altero
942 1047 1118 1126 primipilari,
1128 1064 1152 1105 rc

130 1133 210 1191 cuius
232 1131 392 1208 nuptiarum
412 1125 538 1192 cilicium
553 1140 583 1190 et
604 1135 669 1210 ipse
691 1131 754 1192 'cum
769 1132 932 1211 Agrippina
951 1129 1120 1192 celebrauit.

88 1214 251 1276 tllribercs
272 1231 310 1274 ex
329 1214 420 1274 tribus
438 1216 671 1295 ‹uxombnstnlim
699 1234 737 1276 ex
751 1215 933 1294 Urgulanilla
954 1215 1077 1276 Drusum
1092 1223 1121 1274 et

131 1296 291 1374 Claudiam,
314 1316 352 1358 ex
372 1299 491 1377 Paetina
510 1299 680 1377 Antoniam,
701 1318 741 1360 ex
757 1298 912 1360 Messalina
928 1298 1075 1378 Octaviam¹
1092 1307 1121 1358 et

130 1399 222 1461 quem.
240 1382 331 1461 primo
353 1382 566 1462 Germanicum,
592 1401 661 1444 mcx
681 1383 872 1446 Britannicum
897 1385 1119 1460 cognominavit.

127 1465 250 1534 Drusum
261 1464 396 1547 Pompeis
408 1467 587 1547 impuberem·
596 1469 699 1544 amisit,
710 1461 775 1547 pir'o
790 1486 845 1548 per
857 1467 948 1528 lusum
960 1469 988 1528 in
998 1466 1120 1528 sublime
1129 1487 1152 1528 rs

128 1552 233 1632 iactato
245 1559 274 1608 et
283 1548 360 1611 biatu
373 1553 432 1611 oris
442 1561 568 1632 excepto
579 1551 802 1629 stangulatum,
816 1569 878 1611 cum
889 1553 918 1612 ei
929 1560 994 1615 ante
1009 1567 1120 1630 paucos

26 1711 28 1715 Ι
129 1633 190 1694 dies
207 1633 292 1692 liliam
307 1634 403 1694 Seiani
417 1634 630 1714 despondisset
656 1635 721 1711 Quo
735 1637 827 1712 magis
841 1638 931 1696 miror
944 1635 1050 1712 imese,
1069 1635 1120 1713 ¹qui

128 1715 273 1777 traderent
287 1717 388 1798 fraude
403 1738 420 1782 a
439 1719 545 1780 Seiano
560 1727 701 1780 necatum.
726 1719 875 1798 ¹Claudiam
891 1737 928 1781 ex
943 1719 1048 1780 liberto
1065 1734 1119 1778 sno

128 1799 235 1860 Petere
257 1811 458 1882 conceptam,
476 1805 604 1882 quamvis
625 1813 690 1864 ante
712 1806 838 1882 quintum
857 1820 986 1864 mensem
1005 1802 1119 1863 divortii

127 1894 220 1946 natam
235 1883 332 1965 alique
346 1897 495 1969 coeptam,
507 1890 619 1969 ,exponi
634 1898 729 1949 tamen
743 1888 779 1949 ad
792 1890 890 1950 matris
901 1889 1012 1949 ianuam
1027 1897 1056 1949 et
1066 1904 1119 1947 nu-
1128 1904 1153 1944 co

68 1967 73 1979 ⁴
128 1968 191 2029 dam
216 1970 297 2029 iussit
316 1971 401 2033 abici.
443 1972 597 2034 Antoniam
618 1971 678 2052 GN.
702 1958 842 2051 Pompeio
863 1972 985 2049 Magno,
1016 1969 1119 2031 deinde

126 2050 234 2113 Fausto
249 2053 363 2132 Sullae,
388 2055 574 2117 nobilissimis
587 2054 751 2133 iuvenibus,
775 2055 922 2122 Octaviam
934 2056 1044 2117 Neroni
1060 2057 1118 2134 pri·
1221 2082 1222 2093 ³

126 2136 214 2210 vigne
233 2154 286 2196 suo
303 2137 475 2212 collocavit,
497 2141 596 2201 Silano
618 2148 684 2199 ante
703 2139 887 2221 desponsam.
916 2139 1119 2215 Britannicum,

126 2217 264 2277 vicesimo
277 2220 389 2298 imperii
403 2221 449 2281 die
463 2224 548 2301 inque
563 2222 692 2283 secundo
705 2224 854 2285 consulatu
866 2230 960 2285 natum
972 2223 1036 2301 sibi,
1052 2241 1118 2304 par·
1221 2274 1222 2277 ,

126 2299 222 2359 valum
238 2303 405 2381 etiamtum,
421 2314 450 2364 et
463 2307 544 2365 militi
559 2324 614 2386 pro
631 2308 765 2368 contione
781 2306 910 2369 manibus
924 2309 991 2389 suis,
999 2316 1119 2386 gestans
1127 2326 1152 2367 as
1221 2302 1222 2305 ’

126 2392 156 2443 et
171 2382 250 2463 plebi
271 2403 324 2463 per
347 2390 515 2466 spectacula
532 2391 644 2467 gremio
662 2399 709 2459 aut
729 2400 795 2451 ante
810 2410 843 2452 se
859 2392 986 2452 retinens
1004 2389 1118 2453 assidue

127 2468 344 2531 commendabat
367 2471 526 2552 faustisque
548 2474 689 2534 ominibus
716 2492 779 2535 cum
799 2474 1016 2537 adclamantium
1035 2474 1119 2536 turba

124 2554 364 2632 prosequebatur.
397 2554 423 2616 Ε
448 2558 566 2636 generis
585 2556 733 2631 Neronem
757 2551 922 2640 adoptavit,
950 2559 1118 2639 Pompeium

124 2644 209 2714 atque
224 2638 351 2700 Silanum
367 2657 425 2700 non
438 2642 584 2706 recusarit
597 2642 703 2720 modo,
716 2643 769 2703 sed
783 2651 813 2704 et
826 2646 979 2705 interemit,
1015 2636 1019 2640 ⁴
1112 2633 1151 2701 s!

82 2724 117 2778 28
185 2718 365 2797 Libertorum
380 2727 538 2805 praecipue
554 2728 686 2805 suspexit
698 2725 822 2792 Posiden
838 2727 1014 2805 spadonem,
1026 2745 1153 2807 ¹qnerneo

124 2802 209 2860 etiam
227 2802 390 2867 Britannico
418 2806 560 2889 triumpho
588 2811 663 2870 inter
682 2811 820 2871 militares
846 2812 925 2886 viros
944 2811 1026 2873 basta
1045 2829 1119 2891 pura

124 2881 255 2955 donavit;
271 2905 326 2948 nec
339 2892 432 2968 minus
446 2891 692 2973 Felicem,·quem
708 2884 875 2955 cohortibus
889 2904 918 2955 et
931 2895 985 2957 alis
999 2896 1118 2975 provin·

124 2965 245 3044 ciaeque
267 2968 392 3033 Iudaeae
412 2978 597 3055 praeposuit,
626 2980 709 3037 trium
729 2978 893 3054 reginarum
914 2981 1060 3050 maritum;
1088 2986 1119 3045 et

123 3048 311 3131 Harpocran,
337 3059 382 3115 cni
408 3058 512 3121 lectica
534 3080 588 3140 per
613 3060 713 3123 urbem
740 3059 863 3123 vehendi
889 3058 1118 3145 spectaculaque

117 3131 240 3231 publice
256 3135 360 3197 edendi
373 3141 416 3198 ius
431 3142 543 3213 tribuit;
558 3162 594 3203 ac
609 3163 698 3223 super
714 3144 769 3204 hos
784 3143 934 3221 Polybium
948 3146 984 3207 ab
1003 3146 1153 3224 studiique

124 3233 171 3309 qur
197 3236 287 3298 saepe
312 3222 387 3281 inter
409 3222 485 3301 duos
504 3227 640 3287 consules
660 3227 837 3309 ambulabat;
863 3230 915 3290 sed
934 3239 1000 3291 ante
1024 3233 1118 3292 omnis

122 3298 289 3377 Narcissum
308 3303 343 3364 ab
365 3306 511 3384 epistulis,
534 3320 563 3370 et
577 3310 734 3372 Pallantem
751 3314 955 3392 arationibus,
968 3332 1051 3393 ¹quos
1066 3314 1117 3375 de·

125 3394 205 3469 creto
222 3405 336 3467 quoque
353 3398 468 3449 senatus
483 3407 540 3451 non
555 3397 691 3471 praemiis
710 3395 796 3457 modo
812 3398 994 3475 ingentibus,
1018 3397 1117 3459 sedet

1215 533 1219 572 l
