2475 3775
221 160 330 227 nam
563 180 769 227 oennsnuuo.

225 352 289 409 ras,
311 343 360 393 -tot
388 338 463 394 dooti
485 338 612 393 honines
629 338 830 393 intellexerunt
857 346 1006 409 nostraque
1031 342 1124 394 amate

225 420 385 479 Fridarieus
400 420 505 479 Hitsobl
521 420 694 490 in'l’arergis
714 429 726 478 l
742 439 771 493 p.
787 428 852 487 619,
869 422 986 478 Carolus
1000 421 1123 477 Frideri-

224 514 274 561 eus
297 505 432 561 Hermann
457 505 485 558 in
504 510 708 576 programmata
728 506 876 575 Gottingae
896 524 920 562 a.
944 510 1012 564 1848
1034 505 1123 570 adito,
1230 517 1231 572 t

225 590 389 647 Theodorus
406 588 554 645 Mommsen
570 588 602 660 in,
613 589 858 644 dissertationibus
873 590 1017 646 sooiatatls
1033 589 1125 644 Suro·-

223 674 305 730 nioae
322 681 334 729 l
353 688 379 743 p.
397 676 449 731 673
464 676 519 726 tarn
534 672 674 727 luculente
684 674 952 743 demonstraverunt,
967 679 998 727 ut
1012 689 1059 728 rea
1071 688 1126 744 pro

225 756 363 814 contenta
378 756 475 810 haberi
503 755 612 811 debeat.
657 756 753 827 ltaque
775 758 956 812 excusatione
979 772 1048 828 opus
1069 770 1125 811 non

225 840 295 909 erit,
312 839 386 909 quod
401 839 449 893 illa
471 837 632 909 Hieronymi
650 840 833 914 additamenta
858 840 888 895 in
907 841 961 895 boo
975 839 1125 895 Suetonio-

226 921 322 979 narum
337 921 516 993 reliquiarum
535 938 637 994 eorpus
657 924 762 995 recepi.
808 924 874 979 curn
894 931 985 979 tamen
999 924 1044 978 vel
1065 922 1125 977 illis

224 1004 352 1077 egregiis
387 1005 526 1060 iudicibus
555 1006 743 1062 dubitationes
775 1008 881 1079 aliquot
910 1008 1027 1062 reliotae
1057 1004 1125 1073 sint,

224 1108 251 1161 p.
268 1094 330 1159 272,
346 1094 381 1149 28
396 1094 424 1143 et
438 1106 464 1161 p.
481 1092 786 1161 501,-18easeposui,
803 1107 919 1161 quornm
937 1099 1034 1145 auotor
1052 1090 1123 1143 Suo·
1230 1149 1231 1160 y

223 1173 319 1229 tonius
335 1179 424 1227 utrum
441 1174 478 1227 sit
497 1188 584 1227 neone
605 1175 774 1229 etiamnuno
794 1175 928 1230 ineertum
947 1181 1007 1228 est<
1043 1172 1126 1227 lleei-
1230 1173 1231 1176 ’

224 1273 292 1329 pere
322 1270 406 1313 ausus
431 1269 485 1313 non
515 1273 587 1325 sum,
609 1273 770 1327 quamquam
798 1258 919 1314 fortasse
945 1258 1035 1313 eidem
1054 1258 1124 1311 Sue·

224 1340 303 1395 tonio
320 1340 446 1407 debitas,
461 1340 621 1397 notationes
635 1342 780 1396 nonnullas
794 1358 810 1397 a
826 1341 1006 1398 Cassiodorio
1024 1341 1060 1396 ad
1075 1355 1126 1394 an-

225 1434 276 1479 nos
301 1424 336 1479 ab
355 1424 424 1478 urbe
450 1422 559 1477 eondita
581 1432 646 1481 vtulto.
671 1430 731 1481 568·
754 1431 813 1484 639.
837 1426 990 1485 suavior.
1018 1422 1125 1480 adseri·

224 1512 302 1579 ptas,
329 1506 364 1560 de
381 1506 480 1575 quibus
496 1506 660 1561 Theodorus
676 1508 769 1575 Bergk
783 1509 920 1564 benevole
939 1522 983 1562 me
1004 1522 1126 1563 eommo-

224 1588 377 1647 neleoerat.
772 1625 774 1628 ψ

212 1711 214 1716 -
240 1680 242 1688 '
287 1671 412 1743 Singulis
433 1671 579 1743 particulis
601 1688 730 1740 numeros
753 1687 884 1728 annorum
903 1664 939 1727 ab
961 1679 988 1726 u.
1013 1690 1038 1725 o.
1060 1674 1127 1727 sub-

225 1756 299 1826 didi,
317 1772 388 1827 quos
401 1755 570 1825 Hieronymo
585 1756 690 1810 addere
705 1756 827 1828 pleonit,
852 1770 958 1825 eosque
974 1754 1129 1826 simpliees,

225 1840 271 1896 ubi
288 1840 427 1896 editiones
445 1840 620 1911 conspirare,
636 1842 802 1912 complures,
818 1838 865 1894 ubi
880 1839 991 1895 uariare
1006 1838 1080 1892 inter
1095 1853 1129 1892 se

225 1924 362 1982 videbam.
407 1924 563 1980 Eiusmodi
581 1940 711 1979 numeros
726 1923 915 1978 consulatibus
932 1923 1024 1977 linitos
1040 1921 1128 1975 Tran-

227 2009 345 2078 quillus,
369 2014 399 2062 ut
413 2008 541 2077 integrae
557 2007 634 2062 uitae
649 2007 853 2074 demonstrant,
875 2021 942 2061 raro
962 2005 1129 2076 prodiderut

225 2091 303 2160 ipse;
317 2092 468 2162 plerosque
485 2089 669 2158 Hieronymus
684 2089 845 2160 adseripsit,
859 2089 919 2144 suis
936 2089 1130 2144 ratiocinatio·

226 2172 308 2226 nibus
326 2189 391 2228 usus
412 2187 550 2242 persaepe
564 2172 609 2225 vel
631 2187 729 2226 errore
743 2173 788 2226 vel
810 2172 989 2229 festinatione
1006 2171 1127 2227 vitiosis.

227 2253 288 2318 Quo
308 2255 342 2309 de
363 2271 393 2308 re
414 2253 518 2310 Hitsolnl
536 2255 563 2313 ia
584 2253 714 2324 Parergis
733 2273 760 2327 p.
780 2261 832 2314 623
853 2263 881 2310 et
895 2271 948 2311 vau
962 2255 1074 2309 Heusde
1099 2256 1129 2308 in

185 2355 187 2360 ·
226 2337 354 2408 Epistola
370 2338 404 2392 de
420 2337 525 2393 buoilio
541 2354 567 2408 p.
585 2341 600 2396 7
618 2344 742 2406 egerunt.

300 2419 373 2485 Quot
411 2419 491 2474 libris
525 2420 701 2491 Tranquillus
736 2423 860 2477 illustres
888 2423 968 2478 viros
1003 2420 1129 2492 perseri-

228 2505 332 2576 pserit,
357 2518 456 2575 neque
475 2520 499 2558 a
519 2503 604 2560 Suida
634 2505 771 2575 proditura
794 2511 955 2576 est‘neque
982 2501 1131 2558 coniectu-

227 2589 267 2643 ris
283 2587 488 2658 inveatigatum.
532 2587 592 2644 Hoe
614 2594 715 2644 tantum
743 2605 795 2660 pro
821 2595 901 2643 certo
928 2589 1067 2644 allirmara
1092 2586 1131 2642 li-

228 2678 289 2740 oet,
320 2677 432 2745 praeter
458 2663 633 2742 superstitem
660 2673 784 2728 libellum
806 2671 855 2742 qui
881 2672 918 2726 de
937 2671 1132 2748 Grammaticis

229 2762 257 2809 et
278 2755 439 2811 rhetoribus
462 2761 520 2824 est,
544 2755 672 2826 singulos
695 2756 784 2812 libros
815 2755 902 2810 luisse
934 2755 969 2810 de
1002 2753 1130 2810 Oratori-

228 2839 296 2906 bus,
321 2838 355 2893 de
377 2831 529 2914 Poetls⁶¹),
557 2839 591 2900 de
619 2838 777 2895 Historiois.
824 2837 920 2908 Neque
942 2844 1032 2894 tamen
1061 2853 1132 2892 oau—

229 2935 287 2975 sam
311 2920 393 2975 video
416 2921 560 2991 idoneam,
589 2939 640 2978 our
668 2921 793 2991 reliquos
822 2921 995 2992 scriptores,
1026 2927 1057 2973 ut
1086 2919 1132 2974 ia-

228 3003 412 3058 risoonsultns
447 3021 480 3058 uo
512 3005 630 3060 maxime
659 3005 843 3075 philosophos
872 3004 1023 3060 lllnstriunr
1050 3003 1131 3058 uiro-

228 3101 288 3143 rum
314 3085 503 3157 appellatione
530 3093 558 3142 et
582 3089 690 3142 bonore
710 3086 835 3157 privatos
863 3087 1058 3159 alranquillo
1079 3100 1133 3140 er-

226 3233 426 3246 mou-

296 3295 345 3360 61)
359 3288 452 3347 Poetae
469 3296 566 3346 duobus
583 3297 654 3348 libris
672 3302 802 3363 expositos
818 3301 1055 3349 luisse-Mommsen
1074 3299 1133 3363 opi·

228 3375 310 3426 natur,
329 3367 407 3416 altero
428 3367 513 3430 epicos
528 3374 552 3414 et
568 3365 672 3430 lyricos,
690 3368 766 3416 altero
784 3369 970 3418 comoediarum
990 3377 1014 3417 et
1026 3375 1132 3433 tragoe-

229 3437 328 3488 diarum
345 3443 368 3486 et
384 3435 517 3483 minuerunt
534 3435 679 3498 scriptores.
