2475 3775
470 209 473 212 ι
556 163 667 225 Inane.
943 123 945 137 ,
972 199 976 210 ι
1000 213 1002 220 .
1053 165 1112 228 185

114 330 241 390 dinarum
258 329 306 390 die
320 329 462 410 pauculas
477 330 576 390 uncias
591 328 742 404 venderet,
757 328 916 408 praeclusit
930 339 1050 391 cunctos
1061 349 1112 392 ne-

114 415 283 491 gotiatores.
325 414 401 487 Quin
423 413 509 474 etiarn
528 415 607 472 inter·
624 411 783 472 canendum
803 411 1029 474 animadversam
1051 433 1110 476 ura·

5 526 6 531 ι
113 507 225 557 tronum
245 499 276 557 in
298 497 476 577 spectaculis
499 498 588 557 vetita
612 493 740 574 purpura
767 495 871 556 cultam
895 495 1112 558 demonstrasse

5 572 12 588 ⁸
115 581 357 660 procuratoribus
378 582 438 641 suis
458 580 577 655 dicitur,
604 578 824 659 detractamque
849 579 918 654 ilico
944 597 1002 641 uon
1027 590 1113 642 vesto

91 664 200 725 amodo
216 664 311 724 sedet
324 666 410 726 bonis
424 665 512 725 exuit
544 662 623 723 Nulli
637 662 784 740 delegavit
797 664 924 725 officium
939 673 1038 724 utnon
1054 665 1111 725 adi·

5 766 6 803 ι
115 758 211 809 ceret:
229 747 302 809 Scia
320 749 395 829 quid
415 749 490 811 mibi
509 765 589 826 opus
607 747 667 807 ait!
692 756 721 806 et
735 746 804 808 Hoc
819 765 965 827 apamea,
989 767 1029 810 cc
1043 765 1113 828 qma

114 832 283 932 quicquam
291 829 425 896 babeat!
445 833 553 894 Ultimo
575 828 692 910 templis
709 831 906 920 compluribus
925 832 1001 894 dona
1017 832 1111 894 detra-

113 917 156 976 xit
174 917 386 996 simulacraque
402 935 440 976 ex
456 933 527 1000 auro
543 915 592 975 vel
608 923 731 991 argento
749 905 891 977 fabricata'
912 916 1063 993 oonllavit,
1083 920 1112 978 in

112 1001 151 1060 iia
162 999 309 1061 Penatium
323 1001 460 1078 deorum,
479 995 555 1081 quae
567 1017 637 1059 mox
652 997 743 1060 Galba
759 1000 892 1060 restituit
972 1047 975 1060 .

78 1107 104 1148 ro
176 1084 332 1147 Parricidia
355 1095 385 1145 et
406 1083 513 1145 caedes
532 1081 687 1144 aclaudio
705 1101 829 1144 exorsus
847 1093 908 1154 eat;
932 1087 1157 1155 ouiusnecis33

113 1170 168 1229 etsi
189 1184 246 1228 non
267 1178 384 1246 auctor,
407 1177 437 1229 at
458 1167 686 1247 constipatum,
709 1185 806 1246 neque
832 1167 1060 1247 dissimulanter,
1081 1179 1112 1230 ut

112 1254 161 1331 qui
176 1251 309 1330 boletos,
323 1255 353 1312 in
367 1270 426 1331 quo
442 1251 500 1312 cibi
515 1268 628 1329 genere
641 1267 784 1310 venenum
797 1252 823 1311 is
836 1263 1009 1331 acceperat,
1029 1254 1111 1332 quasi

112 1337 234 1397 deorum
250 1335 345 1397 cibum
368 1335 493 1416 postbac
514 1334 675 1416 proverbio
692 1334 806 1395 Graeco
823 1335 997 1397 conlaudare
1013 1338 1049 1396 ait
1065 1354 1111 1397 so·

111 1422 190 1481 litus.
221 1419 309 1481 Certe
323 1419 463 1480 omnibus
483 1437 580 1480 rerum
600 1417 825 1497 verborumque
839 1419 1021 1479 contumeliis
1035 1438 1110 1481 mor·

77 1524 104 1565 ra
113 1513 191 1565 tuum
206 1505 364 1566 insectatus
375 1513 439 1581 est,
454 1503 541 1564 modo
558 1502 697 1562 stultitiae
712 1502 799 1562 modo
815 1502 953 1563 saevitiae
968 1520 1110 1580 arguena;

111 1607 178 1650 nanu
194 1598 223 1648 et
238 1590 380 1650 morari
406 1606 471 1648 enm
491 1588 603 1648 desisse
624 1589 700 1646 inter
715 1586 847 1646 homines
862 1586 1003 1664 producta
1018 1588 1111 1666 prima

112 1672 226 1748 syllaba
248 1673 416 1749 iocabatur,
438 1673 584 1749 multaque
605 1671 725 1731 decreta
748 1678 777 1731 et
798 1671 964 1749 constituta,
993 1679 1024 1731 ut
1043 1673 1110 1732 insi-

111 1758 219 1836 pientis
236 1766 322 1834 atque
339 1755 438 1856 deliri,
460 1772 515 1835 pro
530 1755 619 1814 irritis
639 1752 751 1824 babuit;
776 1753 902 1832 denique
919 1753 1032 1814 bustum
1049 1756 1113 1815 eius

112 1841 278 1921 consepiri,
295 1841 350 1901 niar
343 1839 461 1901 humili
477 1839 593 1918 levique
608 1839 750 1917 maceria,
763 1837 904 1916 neglexit.

74 1950 104 1992 20
176 1925 369 1985 Britannicum
380 1941 439 1985 non
451 1925 544 1983 minna
555 1924 745 1984 aemulatione
763 1924 855 2000 vocis,
872 1940 946 2002 quae
957 1923 1022 1982 illi
1012 1908 1111 1983 ruoun·

112 2009 179 2070 dior
192 2009 383 2088 suppetabat,
410 2026 494 2087 quam
517 2016 652 2067 metune
674 2006 847 2086 quandoque
868 2007 945 2088 apud
967 2007 1112 2069 bominum

112 2094 234 2171 gratiam
247 2102 367 2172 paterna
381 2093 520 2153 memoria
535 2090 737 2170 praevaleret,
751 2108 865 2151 veneno
881 2092 1041 2169 adgressus
1055 2100 1110 2151 est.

112 2178 199 2253 Quod
222 2186 375 2257 acceptum
401 2196 419 2238 a
442 2175 563 2255 quadam
584 2175 728 2253 mouera,
753 2177 975 2237 uenenariorum
1003 2175 1110 2249 indiae,
1196 2192 1201 2202 ·

112 2279 178 2321 oum
193 2261 331 2340 opinione
352 2261 460 2323 tardius
473 2260 610 2336 cederet,
631 2266 734 2319 ventre
747 2259 834 2321 modo
851 2258 1008 2323 Britannici
1022 2268 1110 2335 moto,

76 2346 285 2406 maccersitanr
303 2346 452 2405 mulierem
469 2362 521 2405 sna
534 2361 619 2404 manu
633 2342 801 2405 verberavit
819 2362 963 2422 arguens,
986 2362 1041 2423 pro
1060 2362 1110 2404 ve·

111 2427 189 2488 nexio
203 2429 360 2490 remedium
374 2429 510 2508 dedisse3
529 2428 755 2506 excubantique,
776 2428 867 2489 minus
890 2428 985 2491 datum
1008 2426 1045 2487 ad
1062 2443 1111 2486 oc·

22 2557 27 2563 .
113 2512 274 2575 cultaudam
290 2513 428 2575 facinoris
442 2497 594 2611 invidiam,
614 2510 701 2572 Saue
720 2513 811 2592 inquit
833 2512 928 2591 legem
942 2510 1057 2571 Iuliam
1077 2508 1113 2567 ti·

110 2597 199 2656 meo!
214 2598 373 2677 coegitque
387 2615 421 2657 se
436 2613 535 2655 coram
549 2596 579 2653 iu
593 2595 728 2655 cubiculo
745 2612 829 2693 quam
844 2604 947 2672 posset
960 2592 1111 2651 velocissi-

111 2697 188 2739 mum
203 2697 239 2741 ac
254 2688 495 2760 praesentaneum
517 2694 662 2755 coquere;
685 2677 819 2739 deinde
811 2694 839 2736 ιιι
863 2676 936 2737 aedo
959 2685 1112 2775 expertus,

76 2782 103 2824 ao
114 2772 270 2844 postquam
283 2764 309 2822 ia
326 2764 451 2841 quinque
467 2760 555 2821 boras
577 2762 736 2839 protraxit,
762 2761 864 2819 iterum
885 2778 920 2821 ao
934 2761 1051 2839 saepius
1065 2778 1110 2821 re·

40 2840 46 2849 '
113 2857 228 2908 coctum
244 2845 379 2925 porcello
393 2843 515 2914 obiecit;
532 2860 589 2922 qno
603 2846 698 2903 statim
714 2844 890 2919 exanimato,
905 2844 1027 2905 inferri
1019 2863 1047 2903 rn
1061 2846 1109 2904 tri

113 2930 229 2991 clinium
243 2930 363 3029 darique
375 2929 506 2990 caenanti
517 2946 617 2988 secum
629 2927 815 2988 Britannico
806 2930 966 3006 imperarit
996 2928 1033 2989 Et
1047 2946 1111 2989 cnm

111 3015 164 3076 ille
178 3015 216 3075 ad
229 3015 354 3094 primuni
369 3023 484 3092 gustum
500 3012 693 3089 concidisset,
716 3011 852 3071 comitiali
867 3011 970 3073 morbo
985 3030 1024 3073 ex
1040 3032 1108 3075 oon·

110 3100 264 3160 suetudine
286 3107 453 3199 correptum
474 3096 550 3178 apud
574 3098 714 3158 convivas
732 3096 899 3173 ementitus,
920 3105 1040 3176 postero
1062 3096 1110 3156 die

74 3184 217 3262 saraptim
238 3186 313 3243 inter
334 3186 474 3264 mammos
495 3182 603 3242 imbres
623 3180 767 3241 tralaticio
793 3180 894 3240 extulit
909 3180 1021 3241 funere.
1056 3179 1108 3239 Ln-
1123 3176 1126 3181 ’

111 3275 213 3327 curtae
230 3286 284 3347 pro
298 3274 402 3327 navata
416 3283 508 3346 opera
521 3266 718 3344 impunitatem
735 3264 912 3343 praediaque
928 3264 1037 3342 ampla,
1056 3260 1109 3320 sed

110 3359 142 3413 et
154 3348 315 3431 discipulos
330 3350 419 3411 dedit

175 3434 313 3512 llatrenu,
329 3435 406 3497 iactu
424 3435 557 3513 dictaque
572 3451 623 3495 sua
640 3436 838 3513 exquirentem
852 3428 987 3493 acerbius
998 3434 1027 3486 et
1044 3440 1107 3486 cor·
1116 3436 1153 3493 34
