2475 3775
140 150 198 214 188
227 164 257 214 o.
273 165 423 230 suenum
443 166 570 226 unane.
585 143 732 220 nn'vsns
747 159 930 225 enesneon
945 165 1013 213 crs.
1026 166 1073 214 vr.

139 323 302 398 iturumqne
326 320 422 398 potius
443 336 528 398 quam
548 321 708 380 nociturum
726 321 763 383 ei.
799 319 892 382 Burro
913 319 1063 397 praelecto
1085 337 1132 382 re·

136 403 262 464 medium
276 403 313 464 ad
332 403 434 464 fauces
454 403 617 482 pollicitus,
640 405 768 466 toxicum
789 404 874 480 misit.
907 401 1041 464 libertos
1062 401 1132 464 divi·

139 497 184 548 tes
197 496 228 546 et
244 505 349 564 senes,
362 487 431 547 olim
444 486 609 567 adoptionis
624 503 694 548 mox
708 484 907 548 dominationis
922 503 992 548 suae
1005 486 1134 548 fautores

138 580 225 650 atque
239 581 385 649 rectores,
406 587 537 648 veneno,
562 572 664 649 partim
688 569 761 632 eibis
783 571 888 648 partim
905 571 1071 651 potionibus
1092 571 1132 630 in·
1226 563 1229 628 l

139 655 216 731 dito,
230 655 393 733 intercepit.
743 705 746 710 .
1139 668 1151 710 e

96 751 132 809 36
200 738 266 799 Nee
285 740 397 799 minore
418 739 540 799 saevitia
558 737 631 798 ioris
651 746 681 800 et
706 739 735 798 in
760 745 879 800 exteros
903 747 1052 816 grassatus
1077 746 1131 798 est.

139 823 231 884 Stella
248 823 366 898 crinita,
387 839 462 901 quae
484 824 600 882 summis
619 822 812 902 potestatibus
826 823 944 884 exitium
958 821 1131 902 portendere

139 906 230 982 vulgo
245 914 374 983 putatur,
397 924 416 984 p
440 969 443 977 ,
472 906 621 966 continuas
637 916 739 968 poetes
755 907 824 968 oriri
838 915 991 986 coeperat.
1021 904 1130 964 Anxius

141 1008 177 1050 ea
196 1007 246 1065 re,
268 998 300 1048 ut
321 995 400 1049 exlt
452 987 503 1049 illo
527 988 681 1066 astrologo
702 990 816 1068 didicit,
837 991 936 1052 solere
957 1006 1046 1067 reges
1064 987 1130 1048 talia

139 1081 252 1133 ostenta
267 1072 358 1132 caede
372 1067 467 1151 aliqua
484 1072 589 1133 illustri
611 1074 732 1153 expiere
750 1083 837 1153 atque
852 1093 869 1138 a
887 1083 980 1136 semet
993 1075 1021 1132 in
1037 1071 1163 1150 capituto

140 1171 296 1236 procerum
316 1156 484 1234 depellere,
509 1155 690 1249 pobilissimo
712 1159 816 1236 cuique
830 1158 946 1220 exitium
964 1155 1131 1224 destinarit;

132 1239 291 1310 enimvero
313 1239 402 1298 multo
427 1241 521 1318 magis
541 1250 571 1300 et
592 1242 674 1320 qnasi
696 1260 750 1321 per
771 1243 872 1304 iustam
892 1258 1008 1302 cansam
1022 1237 1132 1299 duabus

140 1323 387 1383 coniurationibus
412 1325 611 1403 prouulgatis,
639 1343 758 1404 quarum
781 1325 861 1404 prior
882 1325 1034 1403 maiorque
1051 1322 1131 1385 Piso·

139 1407 223 1467 niana
238 1407 369 1484 Romae,
393 1409 540 1488 posterior
553 1408 701 1469 Viniciana
721 1408 880 1494 Beneventi
901 1408 1025 1468 conflata
1044 1414 1142 1484 atque·

138 1490 255 1552 detecta
268 1499 324 1550 est.
355 1490 532 1553 Coniuratis
548 1492 672 1553 vinculis
682 1491 837 1571 triplicium
852 1501 1014 1554 catenarum
1029 1489 1130 1550 dixere
1143 1506 1166 1548 1⁵

139 1591 271 1651 eausam,
291 1591 355 1634 curn
371 1574 485 1652 quidam
499 1574 576 1637 ultro
591 1576 699 1636 crimen
712 1575 887 1652 faterentur,
902 1574 1030 1641 nonnulli
1045 1573 1132 1632 etiam

100 1659 322 1734 ‘imputarene
339 1667 481 1736 tunquam
495 1658 587 1720 aliter
600 1659 649 1721 illi
660 1677 722 1722 non
738 1665 867 1738 ppssent
877 1659 940 1720 nisi
952 1663 1049 1722 morte
1062 1672 1131 1716 soc·
1228 1697 1229 1702 κ

62 1795 66 1803 .
139 1758 267 1802 earnem
287 1739 473 1805 dedecorato
495 1739 625 1823 dupitiie
646 1741 796 1804 omnibus.
826 1741 1028 1805 Damnatorum
1046 1739 1132 1800 liberi
1228 1759 1229 1784 t

101 1822 104 1829 '
138 1822 211 1884 urbe
231 1825 310 1906 pulsi
334 1828 488 1908 erectique
509 1845 623 1889 veneno
644 1835 691 1889 ant
716 1828 806 1899 iame;
834 1836 963 1905 constat,
992 1822 1132 1905 quosdam
1228 1827 1229 1836 ’

140 1927 204 1970 curn
217 1910 400 1989 paedagogis
411 1921 441 1972 et
454 1914 585 1991 capsaris
596 1930 653 1971 uno
665 1912 784 1990 prandio
796 1912 905 1992 pariter
915 1919 1044 1991 necatos,
1055 1904 1132 1968 alios
1141 1924 1167 1965 eo

140 1993 269 2054 bornum
285 1996 390 2054 uictum
405 1995 568 2074 prohibitos
581 2014 733 2073 quaerere.

37 2113 54 2152 4
97 2084 131 2139 st
202 2075 305 2137 Nullus
327 2078 451 2156 postbae
470 2073 612 2141 adbibitus
635 2079 758 2139 dilectus
773 2088 820 2139 ant
835 2078 935 2140 modus
951 2072 1134 2137 interimendi

141 2176 340 2238 quoscumque
359 2161 490 2222 libuisset
511 2180 692 2241 quacumque
708 2161 856 2225 decanea.
884 2161 944 2223 Sed
959 2178 996 2220 ne
1013 2158 1049 2219 de
1069 2157 1134 2237 plu·

44 2319 49 2325 ,
138 2240 219 2303 ribus
234 2242 377 2319 referam,
392 2245 558 2306 Saluidieno
574 2245 665 2306 Orfito
683 2245 827 2308 obiectum
843 2244 980 2325 estquod
994 2242 1134 2303 tabernas

139 2335 200 2386 tres
215 2323 354 2387 dedomo
370 2344 420 2387 sna
438 2330 515 2403 eirca
530 2330 624 2389 lorum
641 2330 803 2391 civitatibus
820 2330 856 2391 ad
872 2327 1025 2403 dadonem
1038 2326 1134 2386 loeas·
1144 2350 1170 2391 rs

140 2417 195 2486 set,
211 2407 315 2470 cassio
331 2409 464 2487 Longino
477 2412 547 2472 iuris
561 2413 695 2474 consulto
710 2432 745 2475 ac
758 2414 910 2476 luminibus
925 2413 1040 2487 orbato,
1055 2407 1136 2489 qnod

138 2496 168 2555 in
179 2502 282 2555 vetere
293 2494 394 2572 gentili
410 2504 561 2562 stemmate
572 2495 605 2557 G.
622 2495 706 2557 Cassi
719 2499 903 2577 percussoris
918 2495 1054 2557 Caesaris
1066 2494 1135 2553 ima·

138 2580 224 2656 gines
241 2579 421 2657 retinuisset,
445 2579 535 2641 Paeto
551 2580 699 2646 Thraseae
719 2583 829 2643 tristior
846 2590 876 2641 et
890 2579 1056 2660 paedagogi
1072 2576 1134 2637 vul·

137 2671 194 2723 tus.
227 2661 302 2723 llori
316 2664 402 2723 iussis
415 2664 609 2743 nonamplins
623 2663 712 2745 *qnam
732 2665 866 2727 botarum
887 2665 1010 2745 spetiem
1031 2658 1134 2727 dabat;

138 2762 174 2805 ac
190 2764 228 2805 ne
243 2746 313 2824 quid
327 2765 427 2808 morae
442 2749 644 2827 interveniret,
665 2749 795 2811 medicos
813 2748 988 2811 admovebat
1002 2745 1051 2824 qni
1066 2744 1168 2803 cun-en

138 2835 251 2888 etentes
271 2832 407 2891 continuo
428 2842 562 2893 curarent
581 2834 636 2913 (ita
651 2834 726 2894 enim
746 2833 906 2895 vocabatur
924 2848 1015 2893 venae
1033 2826 1136 2888 mortis

139 2911 232 2985 gratia
247 2911 405 2993 incidere).
435 2913 567 2977 Creditur
588 2918 674 2977 etiam
690 2915 858 2996 polyphago
876 2916 989 2979 cuidam
1004 2911 1137 2989 Aegypti
1224 2924 1225 2994 p

138 2992 274 3069 generis,
302 2997 419 3057 crudam
444 3017 560 3061 earnem
583 3008 612 3059 et
635 2999 772 3079 quidquid
788 3000 908 3061 deretur
929 2997 1066 3062 mandare
1088 3012 1136 3055 as·

138 3084 237 3151 sueto,
261 3082 434 3158 concupisse
460 3085 544 3143 risos
562 3083 694 3143 bomines
716 3083 865 3145 laniandos
880 3080 1136 3157 absumendosque

139 3155 268 3219 obicere.
300 3158 402 3221 Elatus
422 3164 592 3244 inflatusque
611 3166 698 3227 tantis
718 3168 799 3227 velut
819 3167 1022 3243 successibus,
1043 3176 1170 3240 nega-ss
1223 3204 1224 3221 r

138 3242 179 3301 vil
196 3258 376 3325 quenquam
388 3246 564 3325 principem
583 3251 682 3311 scisse
701 3250 776 3331 qaid
794 3250 856 3316 etet
873 3252 995 3328 liceret,
1016 3248 1135 3307 multus·
1223 3222 1224 3276 ¹

138 3343 195 3403 que
211 3344 268 3386 nee
282 3325 383 3386 dubias
403 3329 629 3403 significationes
649 3352 741 3413 saepe
760 3335 846 3412 iecit,
868 3354 905 3397 ne
927 3334 1051 3413 reliquis
1069 3329 1134 3409 qni·
1222 3364 1223 3367 =

136 3407 202 3469 dem
218 3428 252 3469 se
272 3427 423 3490 parsurum
443 3415 639 3494 senatoribus,
660 3436 783 3497 eumque
804 3418 933 3480 ordinem
954 3416 1135 3480 sublaturum
