2475 3775
448 219 455 236 ‚
566 160 670 208 nuno
899 157 902 164 “
1057 151 1164 218 483·

186 316 272 375 Suam
288 313 581 393 quidempudicitiam
595 333 687 394 usque
701 317 779 377 'adeo
790 320 950 397 ‘prostituit'
970 329 1001 380 ut
1022 326 1118 382 conta-
1129 331 1162 387 29

122 400 236 460 minatis
251 416 346 477 paene
363 397 495 458 omnibus
509 398 645 460 membris
660 403 817 462 undecima
834 404 914 480 quasi
930 421 1023 478 genus
1039 401 1119 465 lusus

13 533 14 536 ,
124 486 318 560 excogitaret,
335 499 395 562 quo
413 482 495 543 ferae
518 482 597 561 pelle
617 484 769 546 coniectus
786 487 970 550 'emitteretur
991 505 1008 546 e
1029 483 1119 548 cauca

76 567 80 574 '
123 569 308 645 uirorumque
329 585 365 628 uc
387 566 555 635 feminarum
576 567 612 627 ad
638 570 763 649 stipitem
788 570 980 648 deligatorum
1005 571 1120 647 inguina
1226 637 1227 640 Ἴ

100 652 284 728 stacederet,
300 661 329 710 et
351 669 414 711 cnm
432 651 538 712 ahialim
560 650 752 732 desaevisset,
774 655 966 715 conficeretur
987 672 1003 714 a
1027 653 1135 733 Doru-¹

123 736 219 817 phono
233 735 355 805 liberto;
373 737 418 795 cui
434 735 529 812 etiam,
545 736 621 797 sicut
637 738 693 815 ipsi
709 739 832 817 Sporus,
847 732 962 817 ita'ipse
974 739 1118 817 denupsit,

100 870 105 878 .
121 837 216 880 uoces
232 836 348 900 qnoque
363 829 393 880 et
406 819 549 880 heiulatus
562 821 619 879 uim
637 822 804 900 patientium
824 823 966 900 virgiuum
986 823 1118 883 imitabis.

122 903 170 964 llx
182 903 329 964 nonnullis
336 904 467 982 comperi
479 906 728 983 persuasissimum
739 905 875 966 habuisse
887 925 963 984 eum,
973 907 1120 967 neminem

122 988 271 1049 hominem
284 987 430 1067 pudicum
443 995 500 1048 aut
509 987 577 1048 alla
590 989 733 1068 corporis
743 997 837 1068 purte
871 1009 959 1050 arom
976 1007 1054 1067 csse,
1067 1005 1117 1050 oe·

87 1091 191 1138 aarum
218 1072 384 1152 plerosque
408 1070 607 1133 dissimulare
629 1073 737 1134 uitione
762 1081 792 1135 et
818 1009 932 1136 cealtide
956 1081 1099 1154 optegere
1104 1098 1119 1144 ;

121 1156 248 1236 idcoque
264 1157 409 1236 professis
423 1156 499 1236 apud
516 1174 549 1216 se
566 1159 775 1221 obscenitatem
796 1169 894 1220 cetera
915 1175 1030 1238 quoque
1052 1175 1119 1218 cun·

62 1267 65 1277 =
123 1242 251 1301 cessisse
266 1240 384 1300 delicta.
735 1253 753 1280 -·

184 1316 353 1385 Diuitiarum
363 1334 399 1384 et
412 1327 555 1402 pecuniae
569 1326 692 1385 fructum
709 1343 767 1386 non
788 1324 873 1386 alium
896 1325 1013 1404 putabat
1034 1343 1117 1403 quam
1129 1331 1163 1386 30

125 1409 333 1487 profusionem,
349 1408 498 1470 caedmon
512 1426 553 1470 cc
565 1409 723 1489 deparcos
743 1425 811 1470 esse
833 1409 944 1489 quibus
965 1411 1118 1486 impensa·

88 1511 192 1557 aarum
209 1493 294 1554 ratio
317 1499 483 1568 constaret,
502 1495 689 1572 praetactos
714 1510 845 1573 ceraque
869 1492 1050 1572 mcpniliccs
1069 1493 1124 1572 qut

124 1575 324 1637 abuterentur
338 1593 379 1638 ac
391 1577 565 1655 puderent.
609 1578 756 1639 Laudabat
770 1578 980 1656 mirabaturque
995 1593 1119 1635 auuncu-

122 1661 181 1720 lum
197 1661 296 1722 Gaium
310 1661 497 1738 nullomagis
514 1665 740 1741 nonnumquam
760 1662 837 1741 quod
859 1663 984 1739 ingentis
1002 1677 1018 1718 a
1035 1658 1119 1719 'libe-

123 1747 168 1804 rio
191 1746 310 1804 relictas
331 1761 406 1823 opes
425 1747 454 1804 iu
473 1744 557 1805 brevi
580 1747 675 1824 spatio
699 1746 894 1825 prodegisset.
940 1745 1037 1820 Quare
1064 1760 1120 1801 nec

122 1827 266 1906 largiendi
280 1845 337 1888 nec
352 1827 518 1889 absumendi
533 1830 648 1890 modum
664 1831 763 1891 tenuit.
806 1829 839 1889 lu
855 1828 1025 1905 Tiridaten,
1044 1824 1121 1905 quod

86 1914 173 1974 sorix
190 1912 330 1973 credibile
348 1912 488 1989 uideatur,
503 1916 661 1990 octingena
676 1931 817 1973 nummum
836 1913 913 1973 milia
935 1912 1035 1973 diurna
1056 1925 1120 1969 aro·

122 1999 205 2075 gavit
219 1997 394 2075 abeuntique
409 2016 498 2077 super
512 1999 676 2058 sestertium
690 1998 785 2058 milies
801 1997 929 2058 contulit.
973 1994 1120 2055 Menecra-

122 2090 173 2141 ten
188 2079 383 2141 citharoedum
398 2090 427 2140 et
442 2083 590 2160 Spioulum
602 2082 812 2164 myrmqilquem
823 2080 1033 2160 triumphalium
1044 2078 1120 2136 vire·
1167 2084 1169 2092 ’

122 2176 185 2224 rum
199 2166 378 2244 patrimoniis
398 2164 575 2245 aedibusque
597 2166 723 2227 donavit.
768 2164 1011 2245 cercopithecum
1030 2161 1120 2223 Pane·
1160 2236 1162 2239 Ι

122 2257 218 2308 rotem
226 2250 437 2329 feneratorem,
452 2260 484 2311 et
497 2249 614 2313 urbanis
629 2250 802 2330 rusticisque
817 2249 943 2329 praediis
959 2245 1119 2324 locupleta·

46 2391 52 2401 ,
87 2342 193 2409 astum,
208 2351 303 2414 prope
320 2336 404 2412 regio
420 2336 523 2395 extulit
537 2336 649 2396 iuuere.
693 2334 810 2401 Nullam
821 2343 933 2395 vestem
954 2330 998 2391 bis
1020 2328 1118 2387 induit.

124 2415 339 2495 Quadringenis
352 2421 380 2479 in
396 2428 533 2498 punetum
549 2420 693 2479 sestertiis
708 2419 802 2479 aleam
818 2420 894 2479 lusit.
929 2415 1059 2475 Piscatus
1075 2418 1121 2470 est

122 2508 188 2561 rete
206 2512 304 2562 aurato
320 2512 349 2563 et
364 2521 492 2583 purpura
514 2520 666 2581 coenoque
689 2503 804 2563 ionibus
825 2503 918 2579 neruis.
961 2496 1121 2571 Numquam

122 2584 216 2643 miuus
229 2586 309 2645 mille
326 2588 453 2647 carrucis
468 2588 575 2646 iecisse
591 2588 646 2645 iter
661 2586 795 2659 traditur,
816 2584 907 2644 soleis
924 2579 1061 2639 mularum
1076 2593 1120 2633 ar·

100 2671 248 2747 geniale,
273 2669 448 2728 canusinatis
467 2666 650 2745 mulionibus,
669 2668 807 2729 armillata
827 2666 1006 2740 falerataquc
1027 2659 1120 2721 Maza-

85 2774 114 2816 uo
124 2770 189 2812 cum
201 2751 285 2811 turba
302 2760 389 2829 atque
404 2769 562 2813 cursorum.
669 2777 674 2786 ·

156 2872 160 2878 -
187 2835 252 2895 Non
267 2836 295 2894 in
310 2833 367 2895 alia
381 2854 414 2895 re
428 2845 522 2896 tamen
538 2836 701 2896 damnosior
716 2853 799 2915 quam
815 2837 843 2893 in
860 2828 1049 2904 aedificando,
1063 2828 1115 2887 do·
1128 2836 1161 2889 31

123 2938 199 2981 mum
215 2938 231 2979 a
247 2918 356 2979 Palatio
371 2919 516 2999 Esquilias
528 2938 623 3000 usque
633 2920 722 2997 ‘iecit'
736 2936 820 2998 quam
836 2916 927 2995 primo
946 2913 1118 2975 transito·

123 3007 228 3079 riam,
245 3021 313 3063 mox
325 3005 459 3065 incendio
475 3003 653 3084 absumptam
668 3006 885 3081 restitutamque
905 3016 1050 3066 auream
1069 3012 1119 3056 no·

123 3089 249 3148 minavit.
285 3087 330 3147 De
347 3090 428 3149 cuius
439 3091 534 3168 spatio
546 3098 632 3167 atque
645 3087 721 3147 cultu
734 3088 879 3147 suffecerit
891 3085 966 3145 baed
973 3079 1119 3143 retulisse.
1202 3083 1207 3087 “

85 3189 113 3233 es
124 3171 306 3233 Vestibulum
322 3174 384 3232 eius
401 3174 461 3251 luit,
478 3174 580 3252 inquo
597 3172 731 3232 colossus
747 3170 827 3238 CXX
841 3168 944 3249 pedum
965 3174 1055 3227 staret
1077 3164 1126 3245 lP'.

124 3258 185 3316 sins
209 3256 323 3333 eiligie3
343 3266 421 3318 tauta
436 3256 550 3333 laxitas,
566 3266 597 3316 ut
612 3257 742 3336 porticus
764 3255 897 3335 triplices
917 3249 1051 3311 miliarias
1071 3245 1120 3305 ha·

122 3337 222 3410 berct;
239 3342 307 3399 item
324 3351 457 3419 stagnum
467 3342 553 3401 maris
567 3342 667 3417 instar,
683 3342 922 3418 circumsaeptum
936 3330 1074 3395 aediliciis
1085 3325 1121 3425 ad

122 3422 236 3485 urbium
251 3428 393 3504 speciem
410 3442 477 3486 rura
492 3424 628 3503 insuper,
645 3426 723 3485 arnis
744 3434 828 3504 atque
848 3418 954 3483 uinetis
980 3422 1010 3474 et
1025 3426 1121 3491 pascus

1146 3634 1227 3729 A
