2475 3775
155 119 218 182 250
233 131 271 205 .⁰·
287 132 440 182 eunucus
456 133 583 194 annuo.
602 133 649 182 nn
665 134 747 182 v1nn
763 135 949 184 cassanum
962 137 1031 185 nnn.
1048 138 1119 186 vm.

156 288 303 370 propositi
317 289 439 365 gratiam
452 289 553 348 iacere
567 303 626 348 non
639 289 694 350 aliu
711 291 804 367 magis
819 306 853 364 re
867 289 1032 370 compulsus
1052 290 1147 354 creda·
1213 349 1214 356 ,

156 383 212 449 tur,
228 388 313 450 quam
328 370 406 450 quod
423 374 518 452 sparsi
535 373 627 434 libelli
644 392 708 435 euru
724 372 769 434 his
786 370 921 434 uersibus
939 383 1034 436 crant:

187 451 329 555 Kdvye
349 447 459 538 φάγῃς
480 449 534 518 ἐπὶ
555 453 659 538 (ludov,
683 447 770 536 ὅμως
791 456 840 518 ἔτι
861 451 1117 540 καρποφορήσω,
1213 535 1214 540 ¹

284 537 604 602 coenomanorum
625 539 690 620 σοί,
712 533 823 622 τράγε,
845 537 1014 626 θυομένῳ.
1199 536 1214 570 ³

154 625 265 687 Eadem
284 624 437 685 formidine
458 624 586 686 oblatum
613 643 630 686 a
651 631 753 686 senatu
776 631 881 688 nouum
906 635 935 686 et
959 627 1168 705 excogitamus
1215 646 1216 706 p

87 711 91 727 ‘
154 710 314 786 honorem,
332 726 502 789 quamquam
520 709 643 770 omniurn
657 709 755 770 talium
776 712 1046 792 appetentissimus,
1070 729 1147 772 recu·
1215 723 1216 732 ¹

154 795 241 872 savit,
257 808 315 874 qno
324 795 480 854 decretum
492 803 555 854 erat
565 804 605 872 ut,
621 797 754 873 quotiens
766 805 886 872 gereret
902 791 1090 873 consulatum,
1103 811 1148 876 eq.

153 879 190 940 tt.
210 878 313 958 quibus
331 895 398 938 sors
415 876 580 955 obtigisset,
594 877 718 940 trabeati
738 887 767 938 et
790 897 859 940 oum
874 876 964 940 hastis
986 879 1148 940 militaribus

137 1022 139 1029 ,
155 963 369 1042 praecederent
383 980 448 1021 eum
462 964 538 1021 inter
549 962 671 1022 lictores
689 965 939 1042 apparitoresque.
1215 971 1216 974 ’

217 1047 363 1127 Tempore
393 1046 523 1124 suspecti
551 1047 676 1126 periculi
699 1049 966 1127 appropinquante,
1000 1042 1148 1109 sollicitior
1158 1062 1180 1102 ro

106 1177 110 1184 .
153 1130 286 1207 indies,
308 1130 487 1209 porticuum,
512 1130 541 1189 in
563 1129 666 1210 quibus
687 1131 810 1211 spatiari
835 1139 1001 1210 consuerat,
1027 1134 1150 1211 parietes

88 1212 96 1229 ‘
152 1214 293 1295 phengite
316 1214 414 1292 lapide
440 1215 583 1292 distinxit,
610 1215 731 1275 acutus
755 1214 913 1294 'splendore
933 1233 991 1295 -per
1014 1217 1151 1294 imagines

78 1366 80 1370 Α
153 1296 292 1378 quidquid
309 1317 326 1358 a
346 1301 536 1378 tergofieret
555 1299 734 1379 provideret.
770 1299 835 1360 Nec
855 1299 909 1360 nisi
930 1309 1047 1361 secreto
1066 1311 1151 1381 atque

136 1385 235 1445 ¹solus
251 1385 408 1464 plerasque
427 1384 590 1464 custodias,
612 1385 740 1464 receptis
760 1383 874 1464 quidem
895 1383 923 1443 in
943 1397 1055 1445 manum
1078 1396 1152 1445 cate·
1215 1361 1216 1394 ¹

152 1470 209 1547 nis,
222 1467 367 1529 audiebat.
397 1469 493 1548 thue
515 1468 685 1528 domesticis
711 1467 915 1546 persuaderet,
938 1484 980 1528 nc·
995 1468 1073 1528 bono
1093 1472 1184 1548 qui-rs

153 1553 219 1613 dem
237 1551 373 1631 exemplo
389 1551 549 1612 audendum
570 1553 768 1632 essepatroni
784 1569 902 1628 necem,
926 1549 1155 1632 Epaphroditum

38 1669 41 1674 ·
153 1636 293 1698 alibellis
314 1636 431 1714 capitali
455 1653 551 1714 poena
574 1636 790 1717 condemnavit,
813 1636 890 1715 quod
913 1646 981 1715 post
994 1635 1154 1697 destitutio·

152 1724 218 1782 nem
232 1720 313 1781 Nero
331 1721 359 1779 iu
375 1720 563 1800 adipiscenda
576 1729 670 1781 morte
689 1738 773 1781 manu
795 1723 856 1780 eius
878 1719 988 1782 adiutus
1010 1723 1155 1782 existima·

111 1805 247 1870 libatur.
280 1805 413 1884 Denique
434 1804 565 1865 Flavium
585 1804 764 1868 Clementem
784 1805 944 1885 patruelem
968 1823 1064 1882 suum,
1086 1823 1154 1867 con-

152 1892 361 1971 temptissimae
376 1891 513 1967 inertiae,
539 1892 619 1951 cuius
643 1891 720 1951 filios
743 1890 907 1951 etiamtum
932 1889 1074 1969 parvulos
1091 1910 1185 1953 suc-no

153 1985 291 2042 cessores
306 1975 403 2055 palam
419 1975 614 2035 destinaverat
629 1983 673 2053 et,
689 1973 798 2036 abolito
814 1974 913 2117 priore
928 1977 1061 2052 nomine,
1085 1976 1155 2036 alte·

151 2076 214 2118 rum
234 2060 445 2137 Vespasianum
466 2058 609 2138 appellari
633 2060 773 2134 iusserat,
800 2066 922 2118 aterum
949 2058 1155 2135 Domitianum,

151 2151 275 2219 repente
298 2160 336 2201 ex
361 2144 528 2201 tenuissima
559 2144 719 2221 suspitione
743 2130 851 2204 tantiam
876 2158 934 2201 uon
954 2144 1071 2221 inipso
1095 2144 1156 2203 eius

153 2224 304 2284 consulatu
314 2226 467 2285 interemit.
494 2226 559 2299 Quo
570 2226 693 2285 maxime
705 2227 783 2286 iaetu
795 2228 945 2301 maturavit
957 2226 1013 2286 sibi
1026 2229 1154 2305 exitium.

215 2306 365 2369 Continuis
391 2307 458 2367 octo
484 2306 631 2368 mensibus
660 2318 703 2369 tot
727 2310 842 2387 fulgura
864 2310 944 2369 lacta
961 2313 1186 2391 nuntiataqueau

24 2421 26 2430 ν
75 2418 79 2423 v
152 2402 226 2470 sunt,
242 2401 272 2451 ut
287 2391 511 2452 exclamaverit:
534 2390 729 2469 Ferictittm,
745 2411 834 2473 quem
847 2392 948 2455 volet!
982 2394 1107 2455 Taetuin
1122 2394 1156 2453 de
1215 2392 1216 2395 ’

152 2478 236 2537 caelo
259 2474 433 2556 Capitolium
453 2476 649 2555 templumque
675 2476 793 2540 Flaviae
820 2480 932 2555 gentis,
958 2480 1026 2539 item
1054 2478 1157 2539 domus

150 2560 279 2622 Palatina
295 2569 325 2621 et
338 2559 502 2621 cubiculum
522 2562 624 2639 ipsius,
643 2569 729 2641 atque
748 2563 865 2623 etiams
883 2562 946 2622 basi
971 2571 1086 2623 statuae
1110 2565 1157 2623 tri·

150 2646 294 2723 umphalis
316 2645 414 2705 titulus
428 2662 569 2706 exeussus
588 2646 618 2705 ui
641 2645 792 2724 procellae
814 2647 843 2706 iu
862 2646 1069 2707 monimentum
1089 2664 1158 2725 pro·

150 2744 266 2788 xumum
292 2728 408 2803 decicit.
450 2729 564 2806 Arbor,
594 2748 670 2810 quae
697 2731 811 2810 privato
843 2722 937 2791 adhuc
969 2732 1189 2811 Vespasianum

146 2827 256 2889 euersa
272 2816 453 2891 surrexerat,
471 2822 539 2874 tuno
552 2829 653 2874 rursus
670 2822 792 2897 repente
810 2816 928 2875 corruit.
940 2878 951 2887 ..
963 2814 1161 2875 Praenestina

149 2890 294 2970 Fortuna,
312 2905 375 2958 toto
389 2898 502 2977 imperii
517 2899 612 2977 spatio
633 2894 734 2958 annuum
752 2914 858 2958 norum
872 2899 1087 2960 commendanti
1098 2899 1162 2959 lae·
1215 2891 1216 2973 Ῐ

129 2995 131 3000 ·
149 2982 208 3034 tam
226 2978 404 3057 eandemque
423 3000 540 3061 semper
555 2991 664 3041 sortem
678 2962 747 3051 d¹are
763 2992 889 3061 assueta,
903 2988 1036 3044 extremo
1050 2984 1161 3045 tristis·
1215 2978 1216 3025 ἶ

149 3060 249 3119 simam
266 3059 399 3139 reddidit,
416 3083 472 3125 nec
491 3067 554 3125 sine
568 3066 717 3144 sanguinis
730 3068 885 3127 mentione.

211 3142 383 3222 Minervam,
402 3164 486 3225 quarn
502 3150 705 3228 superstitiose
729 3150 861 3229 colebat,
888 3152 1043 3211 somniavit
1068 3160 1191 3212 exce-³⁵

148 3223 220 3286 dere
238 3227 367 3287 sacrario
386 3229 630 3311 *negantemque
646 3234 720 3295 ultra
738 3250 770 3293 se
786 3236 859 3294 tueri
873 3253 936 3294 eum
955 3251 1061 3314 posse,
1081 3233 1163 3314 qnod

120 3312 124 3327 '
148 3320 296 3371 exarmata
318 3318 396 3370 esset
412 3330 428 3371 a
447 3312 529 3374 Iove.
565 3316 652 3377 Nulla
676 3327 825 3378 tamenne
846 3317 966 3397 perinde
992 3328 1163 3379 commotus

147 3400 202 3469 est,
216 3411 301 3472 quam
315 3412 460 3474 responso
473 3414 600 3478 casurpre
611 3400 824 3463 Ascletarionis
836 3402 1038 3463 mathematici.
1073 3400 1164 3463 lianc
