2475 3775
133 128 196 190 216
218 139 248 188 c.
262 138 411 188 suorour
422 139 550 200 ranno.
561 139 610 187 on
621 140 706 188 vruu
717 139 900 189 onssuuun
911 139 980 189 nus.
992 139 1054 187 v11.

80 290 83 298 ’
100 291 109 309 ’
134 294 252 356 nitentia
268 312 352 372 quam
367 311 484 354 suorum
499 292 694 355 obtestatione
709 294 834 374 obligari
849 297 1001 376 curarique
1017 313 1050 356 se
1064 312 1133 375 pas-
1215 287 1216 356 Ϊ

82 382 83 423 ἶ
135 398 201 456 sus,
218 381 246 437 in
261 378 364 449 eadem
379 378 509 439 custodia
523 378 634 438 morbo·
647 379 742 456 periit.
758 377 791 439 L.
809 397 847 444 ex
863 381 1015 442 consulatu
1029 382 1135 455 Syriae

133 461 336 544 pmepositus,
357 461 534 523 Artabanum
556 462 725 523 Parthorum
748 481 852 542 regem
878 465 995 525 summis
1021 464 1132 524 artibus

64 608 67 612 ,
134 565 191 608 non
206 545 293 608 modo
308 545 345 613 ad
361 547 547 628 conloquium
561 564 655 624 suum,
669 547 724 609 sed
741 549 826 608 etiarn
845 548 881 610 eu
902 547 1068 610 veneranda
1089 548 1131 608 le·

133 633 251 711 gionum
266 632 349 709 signa
362 631 494 710 pellexit.
526 629 596 690 llox
617 648 681 690 cum
700 629 822 692 Claudio
843 633 974 713 principe
995 630 1068 692 duos
1088 633 1151 698 ins

103 710 225 796 ⁸super
239 715 401 776 ordinarios
417 715 584 776 consulatus
596 716 921 795 censuramque-gessit.
944 713 1048 776 Curam
1059 732 1130 794 quo·

32 799 38 815 ¹
135 819 192 881 que
208 801 321 879 imperii
335 800 478 874 sustinuit,
495 797 618 860 absum
636 816 673 860 eo
685 799 880 878 expeditione
892 799 1069 878 Britannica;
1087 801 1131 859 vir

133 887 275 947 innocens
293 893 322 943 et
338 883 505 958 industrius,
520 882 575 942 sed
588 901 687 947 amore
704 883 857 946 libertinae
874 879 1060 964 perinfamis,
1083 902 1130 943 eu·

70 1039 73 1043 ’
133 971 179 1030 ius
198 969 284 1029 etiam
298 961 397 1027 saliuis
413 965 502 1026 melle
517 967 695 1044 commixtis,
716 985 753 1028 ue
774 968 849 1029 clam
863 968 980 1048 quidem
994 977 1042 1028 aut
1063 985 1129 1028 raro

135 1053 188 1115 seul
205 1045 312 1112 cotidie
334 1067 369 1110 ac
389 1050 502 1128 palam,
517 1052 640 1112 arterias
656 1061 685 1112 et
700 1051 801 1114 lauces
821 1070 875 1131 pro
895 1051 1028 1114 remedio
1048 1052 1162 1116 iove-n

106 1149 112 1158 ·
133 1136 193 1197 bat.
214 1134 295 1196 Idem
307 1135 370 1194 miri
385 1135 414 1193 in
428 1133 571 1195 adulando
585 1136 705 1213 ingenii,
722 1137 831 1216 primus
845 1133 879 1196 C.
891 1135 1049 1198 Gaesarem
1063 1135 1129 1197 aulo·

133 1236 200 1280 rare
215 1227 247 1279 ut
259 1219 344 1280 deum
359 1219 490 1295 instituit,
506 1237 571 1280 cum
583 1237 724 1284 reversus
738 1237 777 1281 ex
792 1220 944 1296 spureo
954 1221 1043 1282 aliter
1052 1220 1130 1281 adire

134 1321 222 1364 ausus
236 1313 317 1367 esset
333 1321 418 1382 quam
434 1303 531 1383 capite
545 1304 645 1365 velato
662 1304 946 1384 circumuertensque
961 1323 1011 1382 se,
1023 1304 1130 1370 ,deinde

135 1387 339 1466 procumbens.
373 1385 523 1450 Claudium
534 1387 675 1449 uxoribus
689 1387 861 1468 libertisque
872 1389 1018 1451 addictum
1031 1406 1132 1468 nequa

133 1489 193 1532 non
205 1483 267 1533 arte
282 1473 492 1550 demereretur,
506 1490 561 1551 pro
575 1473 700 1533 maximo
715 1490 835 1536 munere
850 1491 868 1534 a
881 1472 1038 1534 blessalina
1048 1473 1130 1552 petit,
1141 1490 1163 1532 rs

120 1565 166 1616 ut
183 1556 239 1616 sibi
252 1556 345 1635 pedes
366 1557 524 1634 praeberet
545 1556 768 1627 excalciandum
791 1557 1008 1637 detractumque
1026 1572 1131 1617 soccu-

133 1640 193 1701 lum
211 1640 342 1700 deutrum
356 1640 432 1699 inter
445 1649 543 1718 togam
563 1641 734 1719 tunicasque
755 1643 882 1720 gestavit
903 1642 1034 1716 assidue,
1057 1656 1131 1699 uou-

133 1740 287 1802 numquam
300 1722 524 1785 osculabundus.
556 1722 687 1785 Narcissi
704 1741 821 1805 quoque
837 1735 866 1788 et
883 1725 1020 1787 Pallantis
1030 1725 1131 1802 imagi·

134 1826 189 1868 nes
202 1825 306 1868 aureas
321 1809 397 1869 inter
408 1807 498 1870 Lares
514 1807 613 1869 coluit.
647 1807 737 1870 liuius
752 1818 781 1873 et
795 1809 845 1872 illa
864 1826 925 1871 vox
947 1818 1007 1871 est:
1028 1807 1132 1889 Saepe

132 1893 269 1972 sudaei·
284 1912 348 1954 cum
363 1893 538 1955 Saeculares
560 1893 646 1956 ludos
670 1893 768 1956 edenti
785 1893 903 1955 claudio
923 1894 1164 1973 gratularemur
1217 1915 1218 1975 l

106 1978 273 2044 abscessit
288 1976 416 2058 paralysi
430 1978 524 2040 altero
536 1978 584 2039 (lie
599 1996 684 2057 quam
698 1987 853 2059 correptus
865 1987 921 2055 est,
938 1978 1053 2045 duobus
1066 1978 1132 2039 filiis
1217 1984 1218 2053 ξ

134 2061 353 2140 superstitibus,
366 2079 441 2140 quos
455 2080 493 2122 ex
509 2061 630 2123 Sextilia
648 2063 851 2141 probatissima
867 2081 924 2124 nec
945 2062 1069 2141 ignobili
1089 2062 1131 2122 ie·
1217 2060 1218 2135 ᾗ

133 2147 209 2208 mina
223 2144 318 2205 editos
334 2146 470 2206 consules
485 2144 572 2221 uidit,
589 2155 619 2205 et
637 2146 753 2225 quidem
768 2148 873 2209 eodem
886 2146 988 2209 ambos
1009 2156 1133 2225 totoque

134 2244 220 2303 auno,
237 2244 301 2287 cum
313 2230 415 2288 maiori
430 2228 523 2289 minor
537 2229 567 2287 in
581 2247 637 2289 sex
650 2248 768 2293 menses
783 2233 987 2294 successisset.
1021 2230 1132 2293 Deion·

134 2319 212 2371 otum
227 2320 344 2371 senatus
359 2309 478 2390 publico
493 2312 597 2373 iuuere
610 2312 781 2394 bonoravit,
803 2318 872 2379 item
891 2325 985 2377 statua
1006 2333 1061 2396 pro
1083 2333 1162 2379 rou

134 2396 203 2456 stris
225 2412 288 2455 eum
307 2395 363 2455 bac
383 2396 592 2474 inscriptione:¹
619 2399 780 2476 pietatis
811 2400 1011 2461 immobilis
1041 2417 1132 2477 erga

134 2480 349 2559 prinoipem.
541 2541 546 2549 ,
1217 2484 1218 2539 l

175 2563 213 2624 A.
225 2563 361 2626 Vitellius
377 2562 409 2624 L.
422 2563 497 2625 lilius
508 2562 672 2644 Imperator
687 2576 771 2629 natus
789 2578 836 2631 est
852 2566 928 2629 Vlll.
940 2566 987 2628 tu.
999 2566 1064 2629 Oct.
1082 2566 1131 2627 vel

133 2655 164 2707 ut
172 2648 286 2725 quidam
296 2647 360 2709 vll.
373 2646 415 2709 ld.
426 2649 509 2728 Sept.
518 2646 616 2709 Druso
630 2648 771 2729 Caesare,
782 2651 917 2713 Norbano
924 2650 1034 2713 Flacco
1046 2669 1130 2713 cons.

134 2728 298 2793 Genituram
311 2734 375 2794 eius
390 2734 568 2812 praedictam
589 2736 829 2799 anathematicis
853 2736 891 2797 ita
913 2746 1051 2816 parentes
1078 2754 1164 2797 eru-su

132 2811 321 2893 horruemnt,
337 2826 368 2876 ut
382 2826 466 2896 pater
484 2834 589 2896 magno
613 2836 707 2899 opere
729 2838 847 2899 semper
871 2820 1069 2896 contenderit,
1092 2838 1131 2879 ne

120 2912 190 2973 qua
206 2900 234 2956 ei
248 2901 399 2976 provincia
413 2905 481 2964 uiro
497 2920 531 2963 se
547 2906 785 2987 committeretur,
800 2913 894 2966 mater
908 2914 938 2966 et
958 2905 1076 2965 missum
1094 2902 1132 2963 ad
1217 2916 1218 2919 ’

133 2978 267 3057 legiones
290 2991 321 3043 et
340 2987 517 3063 appellatum
538 2987 745 3066 imperatorem
767 3005 822 3069 pro
843 2988 953 3051 afflicto
974 2989 1071 3051 statim
1086 2986 1132 3049 la·

132 3070 257 3125 mentata
280 3067 327 3126 sit.
357 3067 520 3131 'Pueritiam
544 3073 722 3151 primamque
749 3072 977 3136 adulescentiam
1006 3070 1134 3152 Capreis

132 3148 194 3225 egit
208 3148 283 3210 inter
298 3148 448 3219 Tiberiana
463 3163 579 3231 scorta,
594 3157 705 3235 etipse
722 3168 867 3236 perpetuo
883 3157 1061 3238 spintheriae
1078 3172 1132 3217 co·
1143 3180 1168 3223 as

132 3234 268 3314 gnomiue
288 3241 404 3294 notatus
427 3238 668 3317 enistimatusquo
696 3243 830 3319 corporis
855 3243 949 3320 gratia
970 3243 1081 3302 initium
1101 3250 1135 3302 et

99 3327 220 3380 ecausa
241 3318 482 3379 incrementomm
500 3323 575 3398 patri
595 3323 706 3400 inisse,
732 3328 865 3405 sequenti
889 3342 1006 3405 quoque
1030 3334 1134 3387 aetate

133 3403 264 3464 omuibus
283 3400 401 3484 probris
422 3404 639 3469 contaminatus.
679 3408 869 3490 Praecipuum
889 3410 919 3469 in
941 3410 1007 3473 aula
1030 3410 1136 3471 locum

61 3633 138 3651 Α
