2475 3775
146 141 219 204 150
250 152 280 201 a.
293 152 442 202 sunuour
458 150 585 210 uerno
603 149 651 196 nu
668 149 749 196 urus
768 145 953 196 uuesunuu
969 149 1038 196 uus
1051 148 1083 194 v.

144 310 200 370 des
218 308 313 369 tanc
317 313 439 386 partem
459 277 611 386 epistulae
630 301 720 366 huius
740 302 910 384 leqendane.
929 301 1052 366 Rursus
1071 300 1139 414 alte·

141 391 452 466 0101100001οε-

66 454 362 559 „fiditer-ium
378 475 603 536 adulescentem
619 491 675 552 epo
695 487 786 549 oero,
814 471 885 542 dum
900 479 934 534 ta
951 471 1066 549 aberis,
1089 490 1137 533 co·

100 626 103 633 ,
103 561 217 622 tidie
229 556 368 621 incitabo
385 558 429 620 od
449 577 595 634 caenam,
623 575 663 618 ne
682 556 769 617 sotus
789 564 898 618 coenet
911 574 979 618 carn
996 575 1052 618 siro
1072 555 1138 616 Sul·

136 647 245 742 picio
249 650 278 704 et
302 641 511 704 Athenodoro.
557 641 618 716 Qui
645 641 751 702 0000000
782 620 958 722 dilipen'tius
988 648 1017 702 et
1043 642 1159 701 minues

140 720 312 810 μετεώρως
333 725 481 807 deiiperet
502 725 565 788 stet
590 727 738 808 aliquan,
775 726 880 824 cuius,
878 731 995 788 motum
1012 725 1043 784 el
1055 723 1138 785 tuabi·

140 821 203 874 tum
230 819 259 873 et
285 812 438 871 incessum
454 813 636 894 imitaretur.
682 809 823 871 Misellos
849 798 1140 889 01000000οἐ

79 935 82 940 -
139 907 208 970 τοῖς
227 891 440 992 σπουδαίοις,
465 894 538 955 abi
543 914 605 956 non
627 893 1034 969 0000001000000010000,
1064 894 1140 954 satis

140 967 309 1062 apparete}
325 975 384 1058 τῆς
399 976 506 1058 ψυχῆς
518 969 624 1040 αὐτου
609 967 800 1059 εὐγένεια.
829 979 901 1039 Item
916 981 1010 1038 tertiis
1024 979 1138 1038 litteris:

205 1062 359 1125 Tiberium
374 1069 532 1163 nepotem
555 1069 638 1124 tuum
663 1065 793 1144 placere
821 1063 897 1124 ocilei
924 1062 1140 1124 declamantem
1148 1083 1171 1124 0

135 1150 293 1248 potuisse,
321 1165 451 1243 peream
469 1149 547 1225 nisi,
576 1159 647 1209 mea
661 1147 769 1224 Liuia,
798 1147 950 1209 admiror
995 1146 1076 1208 Nam
1091 1147 1141 1240 qui

138 1240 201 1294 tam
215 1228 352 1310 ἀσαφῶς
371 1232 534 1313 loquatur,
567 1233 620 1312 qui
640 1233 746 1312 possit
765 1249 833 1294 eune
855 1232 1011 1295 declamat
1029 1227 1140 1311 σαφῶς

139 1316 243 1380 dicere
257 1316 485 1418 quaedicenda
500 1323 587 1394 sant,
609 1335 673 1377 noo
686 1317 787 1378 video.
1024 1337 1026 1345 ’

193 1400 263 1463 Nec
279 1400 394 1462 dubium
409 1411 470 1480 est,
494 1401 562 1482 quid
577 1401 732 1482 posthaec
748 1402 897 1482 Augustus
917 1401 1098 1462 constituerit
1113 1409 1141 1460 et

135 1487 288 1586 reliquerit
308 1505 372 1546 eum
392 1487 472 1546 nullo
489 1495 608 1566 praeter
624 1487 770 1563 auguralis
790 1485 948 1548 sacerdotii
964 1485 1101 1546 honore
1091 1503 1139 1544 rm·
1149 1505 1170 1547 0

135 1573 283 1651 partitum,
311 1587 398 1631 0000
420 1570 557 1631 heredem
574 1569 689 1650 quidem
710 1572 765 1631 nisi
779 1573 854 1632 iuter
868 1571 972 1632 tertios
991 1587 1027 1630 aa
1048 1579 1140 1649 paene

35 1662 39 1671 '
136 1664 293 1715 extraneos
323 1673 341 1714 0
368 1663 452 1734 parte
480 1664 564 1716 sexta
593 1657 780 1734 nuncuparit,
808 1656 908 1733 legato
938 1671 1055 1735 quoque
1083 1671 1140 1713 nou

29 1757 36 1765 ⁸
61 1773 80 1782 2
136 1739 258 1820 amplius
276 1757 360 1819 quam
379 1736 612 1818 octingentorum
627 1742 827 1800 sestertiorum
841 1748 1027 1820 prosecutus

103 1825 120 1877 5
195 1824 329 1885 'liberius
357 1833 475 1904 patruus
500 1827 611 1904 petenti
638 1819 766 1888 honores
789 1824 953 1886 consularia
973 1828 1140 1884 ornamenta

48 1927 52 1935 ¹
134 1908 248 1980 detulit;
280 1909 332 1970 sed
352 1911 503 1972 instantius
518 1911 666 1987 legitimos
683 1910 823 1987 flagitanti
838 1908 867 1969 id
887 1908 981 1968 iulum
992 1907 1172 1973 001101111εο

132 1994 302 2073 rescripsit,
329 1994 542 2074 quadraptnta
572 2012 689 2055 aureos
715 1996 750 2053 in
775 1992 975 2055 Saturnalia
989 2000 1018 2053 et
1044 1991 1138 2071 Sipil-

133 2076 219 2136 laria
239 2077 363 2138 misisse
382 2078 420 2139 ei.
465 2078 547 2140 Tunc
567 2079 679 2139 demum
700 2077 814 2141 abiecta
836 2096 890 2158 spe
911 2077 1074 2155 dignitatis,
1095 2074 1140 2135 ,ad

135 2161 221 2228 otium
238 2162 402 2238 concessit,
426 2161 514 2222 modo
529 2164 559 2221 in
572 2162 665 2222 hortis
681 2170 710 2227 00
726 2161 891 2223 suburbana
909 2161 996 2221 modo
1011 2163 1040 2219 10
1057 2159 1140 2220 (tam-

134 2244 236 2323 paniae
269 2262 391 2304 secessu
416 2245 609 2324 delitescens,
639 2255 726 2325 atque
758 2266 795 2307 ex
825 2246 1017 2307 contubernio
1047 2243 1140 2305 sordi·

133 2328 315 2389 dissimorum
335 2327 480 2389 hominum
502 2347 591 2408 super
610 2340 741 2391 veterem
762 2333 904 2421 segnitiae
925 2337 1023 2391 uotam
1044 2328 1173 2389 ebriare

131 2412 198 2474 tatis
214 2430 329 2493 quoque
346 2421 375 2473 et
389 2412 473 2475 aleae
487 2413 641 2488 infamiam
647 2414 800 2495 0010110,οα
810 2408 938 2471 0.Μο
907 2434 954 2469 s„
980 2410 1048 2495 eti,

100 2501 118 2556 6
195 2496 410 2557 9000000010
412 2489 621 2578 ,Quamquam
648 2500 705 2560 hoc
729 2446 829 2560 0100110
840 2490 983 2578 agenti,
987 2514 1141 2577 numquam

131 2591 180 2642 aut
198 2582 326 2641 cilicium
345 2544 490 2642 homiuum
509 2592 557 2644 aut
579 2584 743 2645 reverentia
759 2583 876 2664 publice
897 2584 997 2645 defuit.
1041 2582 1140 2660 Eque·

131 2675 192 2725 ster
213 2666 285 2727 ordo
305 2666 352 2726 bis
373 2676 527 2746 patronum
546 2686 611 2727 eum
631 2668 824 2749 perferendae
845 2686 900 2747 pro
923 2689 955 2729 se
981 2666 1141 2744 legationis
1217 2700 1218 2703 =

131 2747 236 2845 elegit,
268 2750 358 2810 semel
379 2770 442 2817 eum
457 2748 666 2830 deportandum
683 2754 803 2843 Romam
821 2769 930 2832 corpus
947 2752 1073 2829 Augusti
1088 2749 1139 2809 100-
1151 2766 1175 2808 eo

130 2833 217 2889 meris
239 2835 298 2892 suis
319 2834 355 2893 ab
380 2835 549 2895 consulibus
575 2847 770 2916 exposceret,
779 2829 904 2898 iterum
926 2844 990 2897 eum
1016 2852 1142 2914 oppres·

130 2930 192 2973 sum
207 2916 342 2976 Seianum
359 2920 435 2997 apud
450 2920 570 2981 easdem
585 2921 795 2998 gratulantum
829 2924 898 3001 quin
914 2931 943 2983 et
958 2918 1142 3001 spectaculis

129 2996 293 3058 advenienti
310 3018 468 3081 assurgere
491 3013 521 3064 et
535 3004 670 3065 lacernas
691 3003 840 3083 deponere
857 3007 982 3067 solebat
1014 3005 1142 3065 Senatus

130 3099 262 3172 quoque,
294 3092 325 3143 ut
345 3084 382 3145 ad
396 3105 544 3148 numerum
564 3087 705 3149 sodalium
723 3090 923 3167 Augustalium
940 3098 1021 3151 sorte
1038 3087 1141 3147 ducto·
1217 3082 1218 3099 ¹

127 3184 190 3226 rum
208 3176 290 3228 extra
312 3167 441 3227 ordinem
462 3171 642 3250 adiceretur,
671 3176 782 3233 censuit
798 3184 827 3234 et
846 3192 915 3235 mox
930 3184 960 3235 ut
975 3173 1078 3235 domus
1102 3171 1172 3249 eta
1217 3234 1218 3247 ,

128 3269 213 3331 quam
228 3250 361 3311 incendio
379 3254 528 3330 amiserat,
558 3256 703 3335 publiea
694 3260 826 3336 impensu
846 3262 1066 3335 restitueretur,
1098 3254 1139 3314 di·
1217 3306 1218 3309 ,

129 3335 299 3415 caudaeque
319 3337 395 3395 inter
416 3338 584 3397 consulares
604 3344 764 3403 sententiae
780 3344 935 3403 iussesset.
980 3341 1066 3419 Quod
1089 3338 1140 3400 de·
1217 3340 1218 3385 1

128 3429 239 3480 cretum
261 3420 398 3481 abolitum
415 3428 476 3497 est,
504 3421 663 3484 excusante
687 3424 805 3487 'liberio
828 3426 1056 3488 imbecillitatem
1073 3426 1141 3485 eius
