2475 3775
453 192 662 244 rutundum.
886 198 1003 250 XXXIII

22 385 45 437 εἴ
97 352 204 411 Galbae
228 351 363 422 Othonis,
389 350 613 409 narratiunoulae
641 353 775 423 quaedam
799 352 935 420 diotoronr
955 357 1003 413 vol

99 439 235 495 tantorum
248 435 475 493 memorabilium.
520 434 664 494 Postremo
680 435 817 493 adduntur
832 436 866 493 do
882 437 1002 495 traiano

99 527 128 577 et
146 519 262 576 loriano
283 518 366 592 pauni
384 518 527 574 versiculi
538 536 574 574 ox
594 513 738 593 Orosio²²)
756 519 902 591 desoripti.
947 522 1003 577 Go-

99 604 163 659 dioe
191 602 362 658 Suetoniano
386 616 453 657 usus
474 606 518 657 est
543 602 637 673 isqui
662 604 717 658 hoo
737 602 905 673 florilegium
926 620 1003 661 oom-

2 752 3 755 ,
98 686 198 758 pilavit
225 684 434 755 antIquIssimo,
457 685 502 755 qui
525 685 688 757 plerumque
709 702 770 742 oum
790 686 954 745 blemmiano
975 694 1004 744 st

97 768 249 825 virtutibus
265 774 294 823 et
309 766 386 823 vitiis
408 768 602 841 conspirabat,
622 783 717 824 aarum
737 786 938 841 nonnumquam
959 772 1003 828 in-

98 852 208 921 tegrior
236 851 285 907 illo
312 850 400 907 fnisse
429 850 548 908 videtur.
594 851 643 907 δίο
662 853 737 923 qnod
765 853 869 923 legitur
896 854 925 909 in
950 856 1004 912 hae

98 934 221 1006 epitome
238 936 346 1003 turpius
360 948 449 1005 pereo
467 951 519 1007 pro
542 937 661 1005 turpiter
675 954 703 1007 p.
717 942 782 1005 195,
796 941 849 1006 38,
865 936 894 992 id
909 938 1003 1004 nodioi

97 1018 217 1074 nondum
239 1017 373 1073 lacunosa
396 1018 529 1082 debetur:
556 1020 677 1075 tortasse
698 1019 781 1074 otium
803 1020 936 1080 omissum
950 1038 1003 1093 quo

97 1118 126 1172 p.
142 1106 193 1169 ta,
210 1100 380 1160 leuandum
395 1100 572 1173 interpolato.
588 1132 631 1143 --
645 1102 726 1158 Alter
742 1104 834 1159 sodex
850 1104 1003 1175 Parisinus,
1016 1118 1020 1121 ·

98 1182 316 1240 ‘Notressllanao
345 1184 413 1243 lss’
444 1184 595 1257 iusoriptus
626 1192 655 1241 et
682 1203 699 1241 a
726 1186 819 1246 multia
850 1187 1003 1259 inspectus,

96 1282 175 1323 eaeo.
200 1266 263 1322 XIII
287 1266 463 1339 conscriptus
486 1275 530 1325 est
556 1270 758 1339 multorumque
779 1274 834 1325 tarn
859 1276 1005 1342 posterum

97 1366 180 1421 quana
203 1356 344 1407 oratorum
368 1350 525 1407 Latinorum
547 1354 630 1408 modo
652 1351 783 1410 continua
807 1352 898 1424 oepita
922 1353 1004 1409 modo

97 1434 250 1505 derorptos
266 1432 399 1489 flosculos
422 1435 554 1492 continet.
598 1435 641 1490 Ao
656 1434 828 1491 Suetonium
843 1435 1005 1509 compilatio

96 1517 184 1571 multo
207 1516 324 1571 uberior
350 1516 460 1587 quidem
487 1524 530 1573 est
555 1518 719 1590 superum,
743 1520 794 1575 sed
818 1520 892 1578 hund
913 1534 1005 1589 usqne

97 1600 246 1669 eleganter
267 1594 358 1669 laeta„
383 1615 443 1655 oum
464 1616 538 1657 nuno
559 1601 636 1675 ploni
654 1600 742 1659 Instar
763 1602 920 1675 apographi
940 1618 1005 1659 esse

96 1681 206 1753 possit,
222 1698 294 1737 nuno
309 1682 453 1739 multarum
467 1685 646 1755 pag-inarum,
666 1691 697 1739 nt
711 1701 739 1757 p.
756 1692 864 1751 3-183
878 1690 1005 1757 38-463

96 1769 225 1829 78-97;
247 1770 410 1830 IIS-1245
436 1774 597 1832 lut—lou
624 1773 769 1840 lot—173
789 1769 864 1826 nullu
888 1776 936 1827 aut
958 1770 1007 1825 vin

97 1848 193 1906 tenuia
217 1848 352 1920 quaedam
376 1849 497 1921 vestigia
520 1850 677 1922 reliquerit.
720 1850 856 1908 Adhibuit
884 1851 1006 1924 soriptor

97 1933 225 1987 oodioem
244 1933 271 1987 in
286 1930 337 1988 XII
351 1931 440 1988 libros
454 1934 631 1992 distributum
643 1941 674 1989 at
687 1933 806 1989 Medioei
822 1934 903 2004 prisni
919 1934 1008 1989 simil·
1117 1927 1119 1931 ’

97 2015 208 2085 limum,
230 2022 259 2070 ut
280 2017 351 2070 baso
367 2018 494 2089 exempla
513 2018 718 2074 demonstrant:
739 2033 766 2088 p.
780 2023 812 2086 5,
825 2021 870 2076 27.
885 2023 921 2077 28
939 2032 1005 2072 con·

96 2099 251 2154 citauerunt
264 2105 293 2154 et
310 2100 454 2168 potiundr';
472 2109 516 2172 30,
533 2109 568 2161 10
581 2101 749 2162 mirabilem
769 2104 814 2171 75,
829 2107 864 2162 35
878 2103 1004 2175 eloquen-

96 2183 168 2244 tiae:
187 2185 249 2252 195,
265 2187 301 2241 26
314 2197 409 2237 sorum
423 2197 461 2239 se.
505 2187 578 2241 Illud
594 2201 704 2256 qnoque
720 2199 775 2240 non
790 2185 934 2256 iudignum
948 2201 1007 2245 nnu-

97 2265 188 2320 moria
203 2266 293 2334 duco,
316 2266 387 2321 liaeo
407 2272 524 2340 utraque
546 2274 679 2341 excerpta
702 2267 888 2341 prossintegro
904 2267 1006 2324 Sueto-

98 2343 189 2422 nio²³)
204 2349 239 2404 ad
261 2363 356 2403 manus
378 2350 564 2423 scriptoribus
580 2352 688 2408 duobus
708 2351 819 2408 ruodlao
835 2352 936 2408 nautis
955 2367 1006 2421 φι-

167 2550 215 2616 22)
234 2553 336 2601 Praeter
351 2551 499 2603 Suetonium
514 2559 538 2605 et
554 2551 670 2602 Onosinm
689 2567 739 2603 non
756 2555 830 2604 video
852 2569 897 2619 opr
917 2554 1005 2620 plnres

96 2620 177 2670 libros
194 2621 217 2670 is
232 2621 339 2686 scriptor
355 2619 500 2671 adhibuisse
516 2622 626 2681 dicatur,
647 2635 729 2683 neque
748 2623 799 2670 nlla
815 2630 854 2671 est
868 2636 945 2670 oense
961 2636 1006 2669 cur

98 2687 216 2738 Suetonii
233 2691 376 2754 exemplum
394 2696 490 2738 statuas
506 2690 529 2737 ei
544 2689 577 2738 ad
591 2703 695 2739 manum
717 2688 800 2738 inisse
814 2691 878 2739 miro
896 2689 1006 2753 quodam

96 2756 174 2806 modo
191 2758 387 2820 concinnatum,
405 2771 454 2820 quo
471 2764 495 2805 et
511 2757 567 2821 ipso
584 2755 689 2806 Orosius
705 2771 768 2806 usus
784 2758 827 2808 sit.
864 2757 1005 2816 Quaecum-

97 2839 148 2888 que
163 2838 178 2873 a
192 2826 338 2891 Tranquillo
353 2826 521 2884 sirenosum,
543 2821 632 2874 Orosio
647 2824 778 2875 debentur.
812 2825 950 2876 Maximum
971 2827 1005 2878 sit

94 2907 122 2958 p.
138 2891 203 2954 183,
218 2895 251 2943 27
268 2893 363 2946 retibus
380 2894 466 2944 aureis
484 2907 549 2958 pune
562 2893 665 2955 funibus
677 2895 816 2955 Ματθία
831 2896 872 2944 nel
883 2897 1006 2946 wootnsh

95 2961 310 3024 metebantur,
329 2963 372 3012 ubi
385 2961 508 3013 OrosIann
527 2961 622 3011 retibus
634 2963 721 3011 mersu
732 2977 797 3026 quoe
812 2967 949 3026 purpureis
963 2964 1006 3026 tis-

94 3029 170 3080 nidus
182 3031 382 3082 extrahebantur
396 3032 539 3081 necessario
558 3030 734 3082 substituendo
754 3031 872 3094 fuerunt,
890 3032 959 3096 quod
979 3033 1006 3080 in

96 3097 254 3150 Suetoniano
277 3099 393 3165 exemplo
411 3108 527 3164 corrupte
544 3107 613 3149 ueste
632 3107 731 3150 annau
742 3102 862 3166 scriptum
880 3102 1005 3152 exstabat.

95 3165 140 3216 Sin
166 3169 234 3218 enim
255 3169 431 3219 Memmianus.
467 3170 530 3217 Item
550 3183 576 3232 p.
597 3168 646 3228 22,
671 3167 858 3220 firersiculnrn
878 3171 1007 3236 integrum

96 3235 201 3300 ignorat
216 3252 272 3286 eum
286 3237 447 3286 Memmiuno.

168 3304 225 3369 23).
240 3305 357 3356 Ceterum
379 3319 430 3354 non
451 3318 517 3370 nego
536 3303 625 3354 Orosio
649 3320 749 3369 qnoque
767 3312 870 3356 nuotore
886 3277 1007 3356 Saresbe-

96 3372 209 3424 riensem
231 3373 346 3424 Suetonii
369 3375 445 3422 verba
470 3372 560 3424 afferre
578 3380 606 3424 nt
629 3372 661 3434 8,
684 3374 716 3425 18
736 3382 761 3423 et
777 3373 817 3425 19.
854 3373 938 3424 Semel
960 3388 1007 3422 ne·

97 3455 147 3503 qne
174 3445 229 3493 sine
251 3444 367 3493 cantione
391 3457 437 3507 per
460 3451 487 3492 se
515 3442 662 3493 nominatim
688 3443 824 3508 appellarit
849 3441 1005 3499 Suetonium,

140 3527 280 3565 sunnoutus.
798 3531 813 3565 0
