2475 3775
476 167 684 219 PRAEFATIO.
962 174 1024 222 XLI

116 346 146 405 p·
162 334 211 399 84,
227 333 270 387 15.
288 335 354 398 153,
370 332 395 384 2.
425 328 530 382 ineius
548 328 655 397 siquam
674 329 744 398 reip.
766 344 848 399 quum
866 329 971 387 Mamm.
991 334 1020 387 in

116 416 207 469 sinum
225 414 285 466 eius
297 413 404 483 sianum
419 410 481 466 Med
494 416 518 467 1.
535 416 562 469 6.
591 412 619 464 iu
641 411 699 465 eea
717 412 806 466 σιὀαοι
825 414 933 483 Quum
947 417 1019 486 reip.

116 512 200 568 qaam
215 494 267 552 Pur
278 500 353 555 6116.
372 494 431 549 Exo
441 495 528 563 Boug.
543 492 617 549 sris.
632 492 729 548 Pinell.
742 495 827 550 Basil.
840 496 870 549 ia
886 499 944 551 eius
957 500 1021 553 siau

116 582 224 651 sianum
239 581 310 649 reip.
326 578 400 649 quod
414 576 483 633 Edd.
498 566 513 656 ΙΙ
528 582 573 647 81,
588 584 605 637 3
618 577 773 649 sensificari
786 577 953 650 Stephanus,
967 581 1018 636 eir.

116 680 147 735 p.
162 668 206 733 26,
221 668 264 721 26.
286 668 347 733 208,
365 668 382 721 6
400 661 404 733 Ι
424 665 458 721 84
472 665 497 715 et
512 662 614 716 emitum
629 675 693 730 ego.
713 676 749 715 ae
762 663 865 716 emitum
879 664 925 718 vet
939 668 1021 734 atque

116 749 220 801 exitam
240 744 308 801 Edd.
333 762 385 817 pro
402 751 432 801 ai
449 740 551 799 emitum
576 737 581 821 Ι
610 750 644 804 35
655 746 859 815 praesaqieute.
885 746 1022 817 Philippis

117 829 269 886 edluntina
280 836 349 889 1510
358 846 409 901 pro
420 830 614 899 praesentante
624 827 752 899 Pbib'ppo
765 820 779 906 ΙΙ
793 832 838 899 86,
850 834 884 887 12
895 830 1021 885 annuum

117 913 231 984 supplet
252 911 464 985 Oudendorpius
478 905 491 987 ΙΙ
506 916 558 981 84,
579 920 594 969 1
616 905 644 965 εἰ
658 903 691 965 δέ
708 927 736 965 τι
752 906 813 984 ἔχοι
827 928 889 984 ego.
917 902 1021 984 ἐπειδή

117 1012 147 1050 ιι
164 990 223 1069 ἔχει
239 998 286 1053 lae
299 995 465 1053 Gronovius.
484 995 750 1049 euclaemon
764 996 869 1052 bionum.
888 1000 1021 1053 ΘῚΟΔΘ·

117 1083 247 1135 n11x01
263 1079 342 1135 nuris
353 1085 429 1139 6116.
447 1080 730 1135 en101neu11x01
747 1080 846 1140 11011.
861 1074 875 1157 Ι
888 1088 934 1151 m,
953 1067 1020 1139 aab

116 1160 271 1238 παίγνιον,
292 1152 398 1232 κρότον
420 1154 485 1219 δότε
509 1180 572 1235 ago.
611 1160 655 1241 τῷ
675 1158 802 1242 matyrio)
824 1155 889 1219 eim
911 1155 1021 1241 κρότον

116 1250 164 1305 lm
172 1246 327 1304 Gronovius
344 1262 398 1318 pro
414 1250 864 1303 nonmumonouennouon
891 1250 897 1321 Ι
915 1235 1021 1322 eiam

117 1340 147 1388 et
166 1324 358 1404 προπέμψατε
376 1346 439 1401 ego.
475 1318 560 1406 ὑμεῖς
580 1338 608 1389 et
622 1350 651 1387 m
668 1333 779 1389 ποιεῖτε
793 1335 839 1390 vel
854 1323 1021 1404 κτοπύσατο

117 1416 164 1471 vel
186 1405 358 1469 ποππύσαιε
382 1413 452 1472 Edd.
470 1418 570 1471 91160
589 1422 618 1471 et
633 1419 894 1471 ΤΙΠΟΠΑΙΨΑΤΘ
912 1417 1020 1473 neum.

116 1500 246 1552 meuse
262 1504 291 1554 u
309 1500 521 1555 Ponnunuu
535 1499 614 1555 euris
629 1504 698 1559 6116
716 1492 721 1574 Ι
739 1506 773 1559 es
783 1514 841 1571 pre
857 1501 956 1556 roure
968 1499 1022 1555 suu

115 1582 249 1641 veteribus
264 1582 397 1652 Egnatius
412 1575 426 1662 ΙΙ
440 1590 490 1654 85,
512 1589 546 1641 21
562 1585 644 1640 uicies
659 1586 807 1639 sestertiran
822 1584 932 1654 quidam
949 1584 1022 1656 apud

117 1666 309 1722 casaubonum
341 1682 396 1737 pro
422 1669 517 1723 uicena
540 1668 665 1722 sestertia
689 1656 703 1745 ΙΙ
729 1672 844 1737 86,14
870 1667 1023 1739 triumphos
1098 1731 1103 1739 ¹

114 1755 218 1819 septem
234 1748 268 1805 ed
282 1750 348 1805 lton
360 1756 384 1809 l·
403 1756 419 1807 2
438 1742 443 1826 Ι
464 1756 496 1809 18
513 1766 565 1821 quo
582 1750 636 1805 eod
648 1750 724 1806 liuta.
743 1750 852 1806 vindob
866 1759 891 1809 1.
906 1750 1023 1807 Beroni-

116 1834 168 1890 dus
186 1847 239 1904 pro
252 1833 326 1904 quoa
343 1829 347 1910 Ι
367 1838 400 1894 27
416 1833 603 1906 Ιιινορίἱὶοιιοίσ
624 1832 699 1889 Fasti
715 1830 865 1905 Capitolini
881 1840 910 1889 et
928 1834 1022 1890 Livius

115 1922 150 1985 8,
168 1925 216 1986 15,
236 1924 251 1975 5
266 1908 279 1994 ΙΙ
294 1922 344 1988 87,
361 1923 379 1976 8
396 1917 501 1973 Gliciam
516 1915 651 1988 Sigonius
669 1930 721 1988 pro
736 1915 846 1988 Ilyeiam
864 1911 869 1991 Ι
888 1924 920 1976 31
936 1919 1020 1971 iuter·

114 2007 208 2054 sertus
219 2000 323 2055 bienna.
339 1993 352 2078 ΙΙ
366 2007 418 2070 88,
436 2007 454 2062 9
466 2001 552 2057 Pater
568 1996 670 2055 Tiberii
683 1997 760 2055 Nero
774 2005 904 2073 quaestor
918 2000 980 2056 nied
992 2006 1021 2060 8.

117 2089 146 2138 et
160 2083 270 2154 plunimi
289 2082 294 2162 Ι
313 2089 348 2144 36
368 2084 401 2139 L.
414 2099 468 2157 que
488 2099 543 2155 ego
557 2099 609 2155 pro
624 2099 650 2155 q.
674 2083 726 2138 eit.
742 2099 769 2155 p.
787 2087 895 2153 11,13.
912 2089 946 2142 14
964 2076 969 2159 Ι
987 2087 1022 2143 37

116 2167 282 2222 laboriosam
302 2167 441 2223 Pithoeus.
472 2169 642 2223 luxuriosam
663 2167 768 2222 bienm.
791 2184 807 2222 a
827 2169 915 2239 prima
941 2181 1023 2224 manu

116 2265 170 2321 pro
186 2249 358 2306 luxuriosam
384 2243 390 2328 Ι
413 2252 565 2308 οποσούοιο
579 2251 715 2320 Egnatius
731 2266 784 2322 pro
804 2253 985 2306 exercitatam
1006 2243 1020 2327 ΙΙ

115 2339 166 2400 89,
182 2338 199 2390 2
213 2335 311 2389 iterum
325 2334 442 2392 Ursinus
457 2349 508 2407 pro
522 2337 585 2390 aem
610 2327 615 2410 Ι
641 2339 658 2394 8
674 2334 709 2388 ab
721 2335 755 2390 iis
768 2333 902 2404 Egnatius
918 2349 970 2407 pro
986 2333 1023 2388 ab

115 2413 160 2471 bis
179 2408 184 2492 Ι
206 2423 237 2476 18
255 2417 365 2473 Troiam
379 2418 484 2474 Eoum.
505 2433 557 2490 pro
574 2417 702 2473 Troianis
708 2440 716 2479 ,·
737 2418 837 2473 deesse
854 2417 964 2473 videtur
979 2419 1021 2472 lu·
1066 2441 1069 2448 ·

116 2501 152 2554 sit
168 2491 175 2566 Ι
193 2505 228 2560 86
247 2505 275 2556 et
291 2501 441 2557 umentibus
455 2501 572 2575 Lipsius.
593 2508 619 2555 et
633 2500 765 2556 mentibus
779 2501 883 2556 biemm.
900 2518 916 2556 u
932 2500 1021 2572 primu

4 2593 9 2616 t
117 2599 197 2638 manu
212 2599 263 2656 pro
282 2591 309 2640 et
322 2585 481 2641 tumentibus
494 2576 507 2662 ΙΙ
520 2591 566 2654 91,
579 2590 615 2642 m
630 2586 773 2656 nummasio
789 2583 911 2652 edLugd
922 2589 991 2642 1568
1007 2573 1020 2659 ΙΙ

117 2672 161 2735 92,
178 2672 211 2726 29
226 2667 426 2724 Nemausenses
441 2667 494 2723 eod
506 2667 632 2723 Peniuon
656 2666 818 2723 Beroaldus.
837 2665 1024 2720 Resameuses

117 2749 165 2804 lue
176 2749 333 2807 Gronovius
363 2766 415 2822 pro
439 2749 641 2806 Remausaases
665 2742 679 2829 ΙΙ
700 2753 750 2819 94,
776 2754 812 2807 22
831 2753 873 2804 est
897 2749 1024 2822 multique

118 2832 154 2888 ed
166 2831 269 2905 Gryph.
284 2840 360 2894 1546.
384 2839 409 2888 et
424 2833 502 2888 multi
513 2833 671 2904 Stephanus
687 2849 739 2905 pro
753 2839 793 2888 est
808 2832 885 2888 multi
896 2824 910 2912 ΙΙ
925 2839 975 2904 95,
990 2836 1025 2891 14
1101 2905 1104 2911 Ι

116 2928 153 2970 ae
167 2917 316 2973 maioribus
332 2917 434 2973 edVen
447 2925 471 2978 1.
488 2915 619 2972 Erasmus
638 2909 644 2994 Ι
663 2923 697 2976 30
709 2921 806 2987 uyeret
817 2915 886 2972 Edd.
904 2932 957 2988 pro
971 2931 1023 2970 au·

114 3006 194 3071 aaa
207 2991 220 3078 ΙΙ
236 3005 283 3066 us,
307 3009 341 3062 13
356 3001 830 3056 uomonanlcueuunuuuuu
848 2999 956 3055 neum.
972 2999 1022 3054 ee-

116 3083 157 3138 ris
173 3088 252 3144 6116.
281 3076 424 3152 Μούσαις
441 3099 472 3140 aa
487 3085 661 3144 186128
685 3072 825 3150 Μούσαις
841 3082 910 3139 Edd.
932 3071 1022 3138 Μού-

115 3177 183 3233 σαις
197 3153 274 3221 uani
285 3169 332 3224 vel
345 3153 445 3241 ύρισοσ
459 3168 611 3224 Turnebus.
636 3155 777 3234 Μούσαις
796 3155 903 3239 ἄριστα
918 3165 1022 3224 casau-

116 3250 218 3306 bonus.
245 3251 307 3316 τοῖς
321 3243 401 3324 ἐμοῖς
418 3228 554 3326 ύύρισσο
568 3251 615 3306 lae
629 3250 794 3307 Gronovius.
825 3250 887 3316 τοῖς
901 3249 964 3317 σοῖς
977 3241 1027 3303 σοί

115 3347 146 3386 τε
163 3331 389 3406 Oudendorpius.
416 3335 482 3401 ταῖς
494 3350 552 3406 μου
572 3327 624 3388 ἴσα
642 3333 738 3401 auimo
752 3350 807 3405 ego
833 3327 838 3404 Ι
863 3332 1023 3402 181iego.

116 3415 277 3474 biibtemm.
293 3415 390 3490 probi
406 3413 412 3497 Ι
430 3424 465 3478 24
476 3407 507 3493 γ’
523 3433 587 3489 ego.
610 3403 641 3470 δ’
659 3417 727 3475 Edi.
742 3433 795 3489 pro
818 3434 832 3471 ι
846 3408 861 3495 ΙΙ
876 3421 921 3484 97,
936 3422 967 3476 11
984 3414 1025 3468 si·
