2475 3775
217 176 330 225 XXXVI
441 226 442 230 ,
562 173 771 223 Pnnnnnuto.

218 339 250 391 nt
263 335 313 406 qui
327 364 368 375 -
391 334 524 407 obls'qcret
539 363 582 374 -—
608 338 636 389 ct
657 333 838 391 descenderit.
883 332 932 390 Sic
960 331 1033 389 enim
1054 330 1131 389 libri.

221 419 299 487 Quae
319 419 446 491 exempla
463 435 497 475 eo
514 416 647 474 libentius
662 418 814 489 congessi,
835 418 910 489 quod
934 416 1066 473 nonnulla
1088 423 1133 473 tc-

220 519 297 560 mere
310 501 347 557 “in
369 504 424 559 hac
439 518 549 573 quoque
572 501 698 557 editione
720 503 755 558 nd
775 502 902 573 regulum
919 501 988 557 artis
1003 507 1133 556 correcta

221 593 294 645 sunt.

282 672 313 726 ln
336 668 563 742 orthographicis
580 670 666 725 rebus
688 686 743 726 non
758 670 903 740 vulgarem
925 668 1063 725 rationem
1080 670 1134 723 eb-

222 754 345 823 servavi,
360 758 391 808 ut
403 759 509 809 certum
524 752 645 824 aliquem
657 753 800 809 scribendi
812 753 923 809 modum
935 754 981 809 vel
993 752 1134 808 vetustio-

221 855 280 896 rem
297 838 343 894 vel
358 837 546 893 recentiorem
568 838 708 893 mordicus
725 837 877 894 retinerem
897 842 926 893 et
945 835 1133 907 ludimagistri

221 922 309 980 instar
324 936 376 993 per
390 926 475 979 totam
489 920 641 976 editionem
662 920 833 977 inculearem
849 917 921 994 (hoo
942 919 1014 976 enim
1033 920 1134 989 logen-

222 1007 297 1063 tibus
315 1004 527 1076 relinquendum
543 1004 632 1074 duco,
654 1005 701 1076 qui
716 1004 850 1076 quidquid
867 1004 967 1061 oculos
983 1002 1135 1059 offenderit

223 1090 372 1147 emendare
386 1087 499 1143 scilicet
513 1084 659 1164 poterunt)
674 1089 725 1145 sed
738 1089 843 1160 ubique
858 1088 995 1144 librorum
1008 1087 1134 1144 auctori-

222 1173 272 1229 tati
294 1172 447 1228 obsecutus
468 1188 538 1228 sum.
584 1171 692 1237 Quodsi
714 1172 813 1243 negari
833 1178 1023 1247 nonpotest,
1050 1187 1134 1227 unum

222 1256 395 1327 eundemque
410 1256 577 1328 scriptorem
591 1256 665 1313 intra
681 1256 762 1312 unius
777 1256 899 1328 paginae
917 1255 1036 1327 spatium
1051 1255 1134 1309 deum

223 1346 252 1397 ct
268 1340 399 1409 deorum,
417 1341 585 1411 vectipolium
606 1345 636 1395 et
654 1340 875 1411 occupatorum,
895 1339 992 1411 qadhtts
1012 1344 1041 1393 ct
1061 1341 1134 1409 qua’s,

222 1424 305 1481 aedes
330 1429 359 1479 et
380 1423 473 1494 nodo,
494 1428 550 1479 tres
570 1429 599 1479 et
617 1427 685 1495 trah,
707 1428 797 1480 sacre
817 1429 846 1479 et
867 1425 964 1492 caen,
983 1423 1086 1477 dextra
1107 1427 1136 1477 ct

222 1509 349 1578 mura,
356 1507 515 1563 adolescere
527 1508 749 1565 etodulescentcc
764 1513 793 1561 et
802 1507 886 1563 multa
902 1504 1004 1562 similia
1018 1506 1135 1561 adidem

222 1592 379 1664 exemplum
402 1590 571 1662 scripsisse,
594 1591 692 1661 quidni
714 1596 814 1646 noctus
830 1605 942 1661 quoque
963 1595 1134 1658 etncoctos,

220 1674 271 1730 sed
284 1680 314 1729 et
325 1680 383 1745 set,
401 1675 514 1746 contho
531 1680 560 1729 et
573 1675 731 1747 colleptom,
750 1672 869 1745 adferre
888 1678 917 1729 et
931 1674 1043 1744 altatus,
1061 1689 1134 1733 com·

217 1759 323 1831 porcat
335 1763 363 1813 et
378 1762 587 1829 conponuntur,
603 1760 716 1815 colonico
733 1764 763 1813 et
776 1760 895 1828 whose,
917 1756 980 1812 obiit
994 1762 1022 1812 et
1038 1757 1092 1814 chit
1107 1763 1136 1813 et

221 1841 435 1900 innumerabilia
452 1842 481 1898 id
497 1858 586 1915 genus
604 1843 660 1900 elia
678 1843 752 1901 idem
769 1842 893 1915 scriptor
910 1841 1071 1912 admiserit,
1088 1841 1134 1898 rcl

223 1926 338 1985 auribus
358 1926 404 1982 vel
425 1927 532 1984 iudicio
549 1928 594 1984 vel
618 1929 696 1985 casui
715 1918 933 1998 obtemperans?
956 1926 1023 1983 Nam
1039 1927 1135 1982 admo-

223 2012 286 2068 dum
304 2028 392 2083 pauoa
408 2011 436 2066 in
450 2011 494 2067 his
511 2013 595 2067 rehus
613 2012 716 2068 scimus
731 2017 760 2066 et
773 2011 854 2083 plura
871 2010 999 2066 discendi
1016 2009 1135 2066 incultas

220 2094 326 2152 tamdiu
342 2094 470 2165 adempta
487 2095 550 2163 erit,
568 2095 699 2164 quamdiu
715 2100 921 2165 consequentes
939 2110 1019 2163 esse,
1037 2099 1068 2148 ut
1081 2093 1134 2148 ho-

224 2177 322 2240 dierno
339 2177 428 2232 verho
443 2182 522 2246 utar,
539 2177 568 2231 id
583 2184 628 2232 est
642 2177 792 2249 opiniones
807 2183 837 2232 et
853 2177 1026 2250 praeiudicia
1042 2175 1135 2246 sequi,

171 2307 174 2313 ,
225 2275 306 2331 quam
330 2263 495 2315 vetustatem
525 2260 677 2332 explorare
703 2260 846 2318 molemus.
889 2261 1040 2332 Numquam
1069 2276 1136 2332 per-

225 2347 323 2414 specta
341 2348 418 2398 esset
438 2342 556 2399 Notlreri
578 2351 606 2400 et
625 2344 849 2415 sangallensium
870 2344 919 2402 illa
941 2344 1057 2414 regula,
1081 2360 1135 2414 qua

224 2425 307 2482 modo
318 2425 440 2482 bonade
451 2426 548 2482 datter
556 2434 610 2499 pot,
622 2431 704 2485 medo
713 2429 842 2501 pmodcr
852 2428 940 2484 sotor
952 2434 997 2483 cot
1009 2426 1136 2498 scripse-

224 2514 298 2580 runt,
314 2509 368 2566 nisi
383 2525 487 2566 summu
503 2527 563 2566 curn
579 2512 633 2568 lide
647 2528 743 2568 eorum
757 2512 863 2585 scripta
879 2528 1014 2584 expressa
1027 2517 1134 2567 essent.

224 2593 275 2650 Est
297 2594 385 2665 igitur
405 2595 585 2650 vehementer
608 2596 773 2668 optandum,
799 2602 830 2652 ut
853 2597 964 2652 tandem
983 2594 1135 2667 aliqnando

224 2679 335 2749 puerile
354 2678 426 2746 illud
443 2680 662 2751 consequentiae
682 2680 803 2737 studium
823 2680 920 2736 valere
937 2679 1082 2735 iubeamus
1107 2683 1136 2732 et

225 2763 275 2816 has
298 2778 409 2833 qnoque
431 2762 561 2820 minutias
586 2763 622 2820 ad
642 2763 732 2833 libros
759 2763 913 2834 exigamus.
957 2761 1135 2818 Fidissinnunr

225 2843 324 2900 ducem
342 2845 474 2903 hahemus
490 2848 517 2903 in
530 2846 668 2904 Suetonio
683 2843 872 2904 hlammianum
890 2845 1033 2915 codicem,
1052 2845 1134 2900 ouius

226 2929 446 3000 orthographica
456 2932 630 2988 consuetude
646 2931 682 2987 ad
693 2932 783 2988 lihros
794 2931 993 3004 palimpsestos
1004 2929 1134 3002 proxime

226 3010 350 3076 aceedit;
372 3028 433 3066 cum
447 3013 534 3082 igitur
551 3015 666 3084 ducem,
688 3015 854 3086 ubicumque
869 3015 930 3071 lieri
944 3007 1074 3088 posse¹⁸)
1089 3012 1134 3068 vi-

226 3121 427 3134 ——1———u——q

294 3171 340 3235 25)
361 3169 438 3236 Sequi
454 3176 525 3225 nolui
545 3179 571 3226 in
587 3185 674 3244 aperte
688 3177 762 3228 lalsis
776 3186 804 3227 ut
821 3182 963 3240 provintia,
984 3177 1054 3242 quod
1072 3177 1135 3226 Nie-

225 3239 291 3290 buhr
307 3239 437 3307 probavit,
456 3247 552 3295 nummi
567 3247 716 3311 lapidesque
733 3248 861 3296 damnant.
897 3247 1038 3297 Admittere
1053 3261 1133 3295 ausus

225 3322 276 3358 non
299 3323 368 3369 sum,
390 3310 499 3364 sortasse
517 3315 623 3375 iniuria,
639 3313 818 3366 trinorcnotem
835 3316 960 3366 Hrtanacn
977 3313 1094 3365 Hrodun
1110 3323 1135 3363 et

224 3376 353 3435 Hrodioc‚·
373 3381 409 3429 sic
430 3383 542 3433 enimin
562 3383 714 3433 Memminno
732 3385 839 3448 ullisque
859 3386 930 3436 libris
950 3386 1074 3451 scriptum
1092 3399 1135 3432 re·

224 3447 304 3513 perio,
320 3448 363 3511 qui
380 3449 457 3502 iidem
469 3453 592 3505 rhetorem
604 3451 714 3503 thmrsa
727 3453 874 3506 Rhodam
887 3456 961 3506 solito
973 3468 1044 3506 more
1057 3467 1135 3518 pruo-
