2475 3775
117 102 177 166 136
205 113 235 160 c.
252 110 401 160 nonnoni
419 108 546 170 nunno.
561 109 609 156 nn
627 109 709 157 vsnn
728 106 1072 157 CAESARUMLIB.1111.

116 268 219 332 deinum
239 267 372 331 libuisset
398 282 537 342 egressus
566 261 708 340 triclinio,
741 281 805 324 cum
832 247 955 324 unanime
982 262 1118 341 placitam

100 360 304 426 ,serocassem
334 348 421 428 paulo
438 357 507 428 post
525 346 691 408 recentibus
710 346 803 410 adbuc
824 346 961 408 lasciviae
975 348 1052 409 notis
1069 366 1116 406 re·

113 457 218 498 versus
237 435 285 497 rel
305 430 439 504 laudabat
456 432 552 511 palam
566 430 615 492 uel
638 431 840 511 vituperabat,
869 431 983 508 sin-gula
1002 449 1117 492 enume-

113 541 181 585 rans
208 520 284 580 bona
305 516 417 578 malave
445 516 578 595 corporis
604 523 692 594 atque
715 515 895 582 concubitus.
940 514 1117 590 Quibusdam

114 606 273 674 absentium
288 601 453 662 maritorum
468 600 583 663 nomine
598 599 749 678 repudiuun
773 601 839 678 ipse
854 599 948 675 misit,
977 599 1142 677 iussitques
1188 591 1198 606 '

114 693 143 752 in
157 698 225 750 acta
240 689 280 748 ita
296 685 410 747 referri.
556 743 559 747 ,
810 719 815 724 -

59 782 106 838 ’37
174 772 338 853 Nepotatus
359 765 517 846 sumptibus
538 770 663 828 omnium
679 767 872 850 prodigorum
893 766 1008 845 ingenia
1029 781 1116 844 'supe-

113 859 204 934 rauit,
225 861 412 921 ,commentus
429 868 537 917 ¹novum
555 849 840 928 balnearumusum,
863 849 1118 931 portentosissima

113 961 223 1021 genera
246 938 374 999 ciborum
396 943 482 1014 atque
505 952 674 1013 taenarum,
703 944 733 996 ut
754 936 855 997 calidis
874 934 1045 1012 frigidisque
1066 951 1116 992 nn·

113 1027 229 1104 guentis
250 1023 411 1094 lavaretur,
443 1019 655 1098 pretiosissima
673 1023 830 1096 margarita
852 1029 939 1092 aceto
959 1017 1117 1097 liquefacta
1128 1037 1154 1078 to

113 1108 264 1183 sorberet,
295 1105 426 1166 conuiuis
457 1121 495 1168 ex
522 1121 594 1164 auro
624 1122 715 1183 panos
739 1113 772 1166 et
795 1104 921 1166 obsonia
943 1107 1117 1181 apponeret,

114 1198 170 1254 oct
187 1189 274 1270 [rugi
294 1188 445 1253 bominem
465 1204 534 1250 esse
549 1195 694 1266 oportere
710 1188 843 1253 dictitans
865 1185 1117 1250 concussorem.

71 1350 74 1359 Ι
113 1276 189 1352 Quin
210 1285 240 1336 et
260 1289 391 1334 nummos
412 1291 469 1333 non
488 1270 645 1332 mediocris
660 1289 784 1335 summae
804 1291 826 1334 e
841 1273 961 1350 fastigio
977 1269 1118 1334 basilicae

112 1360 201 1423 Iuliae
219 1378 273 1439 per
287 1357 396 1436 aliquot
418 1357 481 1417 dies
503 1357 611 1434 sparsit
623 1357 654 1416 in
673 1356 798 1434 plebem.
841 1355 1008 1418 Fabricauit
1023 1363 1052 1415 et
1068 1353 1139 1426 de„

113 1447 189 1507 ocris
212 1440 379 1505 Liburnicas
404 1441 558 1518 gemmatis
581 1442 742 1520 puppibus,
774 1439 1003 1502 uersicoloribus
1029 1436 1153 1511 velique

112 1547 215 1607 magna
250 1527 423 1595 thermarum
459 1533 489 1584 et
518 1525 679 1604 porticuum
717 1534 746 1588 et
769 1525 967 1586 tricliniorum
998 1522 1117 1585 laxitate

112 1630 274 1691 magnaque
300 1612 385 1670 etiam
404 1610 503 1668 vitium
532 1618 562 1669 et
578 1610 784 1687 pomiferarum
805 1609 940 1670 arborum
961 1608 1116 1671 varietate:

113 1697 214 1775 quibus
229 1692 415 1758 discumbens
430 1692 467 1754 de
485 1692 532 1755 die
549 1694 624 1755 inter
639 1693 747 1759 olroros
768 1707 804 1754 ac
829 1692 1017 1773 symphonias
1031 1688 1118 1751 litora

113 1780 286 1859 Campaniae
312 1785 494 1856 peragraret.
537 1775 571 1841 ln
592 1777 822 1844 extructionibus
843 1777 1054 1857 praetoriorum
1076 1780 1117 1836 at·

113 1884 169 1946 que
194 1864 342 1941 villarum,
370 1863 451 1928 ⁴omni
477 1861 590 1931 ratione
617 1859 809 1941 posthabita„
822 1861 892 1925 nibil
913 1869 969 1925 tarr
994 1857 1154 1919 efiicereno

112 1949 341 2028 concupiscebat
362 1966 447 2027 quarn
461 1946 539 2026 quod
554 1964 645 2025 posse
659 1948 738 2009 ellici
753 1956 919 2025 negaretur.
963 1944 1002 2005 llt
1022 1945 1116 2001 iactae
1227 2012 1228 2017 γ

111 2036 208 2113 itaque
231 2032 325 2104 moles
350 2032 458 2096 infesto
473 2049 519 2098 ¹ac
540 2030 684 2111 profundo
707 2033 794 2107 mari,
827 2040 857 2091 et
870 2031 997 2091 :excisae
1026 2042 1118 2104 rupes

112 2117 253 2178 durissimi
267 2116 373 2192 silicis,
393 2124 424 2175 et
440 2116 534 2194 campi
549 2113 693 2176 montibus
705 2134 818 2193 aggere
835 2115 965 2193 aequati,
988 2118 1018 2171 et
1038 2126 1116 2169 com·

111 2200 226 2280 planata
238 2199 362 2261 fossuris
380 2200 517 2261 montium
531 2201 615 2277 iuga,
640 2197 801 2262 incredibili
822 2198 934 2277 quidem
953 2194 1116 2265 celeritate,

111 2300 176 2343 curn
189 2299 288 2344 morae
304 2282 391 2360 culpa
404 2284 499 2361 copite
521 2282 660 2349 lueretur.
694 2283 739 2344 nc
754 2302 791 2345 ne
807 2282 921 2361 singula
940 2294 1117 2351 enumerem,
1126 2297 1154 2337 ns

110 2368 262 2427 immensas
292 2384 382 2445 opes,
418 2374 566 2445 totumquo
602 2366 673 2426 illud
709 2366 753 2428 Ti.
784 2366 921 2429 Caesaris
957 2366 1049 2425 uicies
1082 2380 1118 2421 ac

111 2452 222 2531 septies
236 2449 330 2511 milies
345 2451 508 2511 sestertium
523 2468 582 2512 non
597 2459 660 2510 toto
676 2459 808 2531 uertente
825 2468 900 2512 anno
918 2447 1086 2525 absumpsit.

68 2542 104 2597 38
172 2535 336 2601 Exhaustus
357 2536 444 2612 igitur
465 2543 551 2614 atque
572 2552 665 2612 egens
687 2535 723 2595 ad
745 2538 861 2615 rapinas
887 2534 1033 2596 convertit
1057 2529 1117 2589 ani-

108 2638 201 2696 mum,
232 2621 311 2681 vario
332 2627 362 2679 et
378 2619 603 2702 exquisitissimo
628 2619 830 2694 calumniarum
853 2627 882 2679 et
903 2618 1065 2679 auctionum
1087 2620 1117 2671 et

109 2703 295 2779 vectigalium
311 2721 433 2780 genere.
466 2701 602 2780 Negabat
622 2706 685 2766 iure
704 2702 1018 2766 civitatemttonanarn
1034 2715 1115 2759 usur·
1127 2712 1154 2755 co

109 2804 181 2864 pare
202 2805 271 2861 eos,
300 2805 422 2866 quorum
439 2790 565 2854 maiores
585 2787 641 2850 sibi
662 2789 851 2866 posterisque
878 2804 942 2847 earn
962 2786 1116 2863 impetras-

110 2878 190 2944 sent,
216 2871 271 2931 nisi
287 2872 313 2934 si
328 2872 380 2933 lilii
400 2872 516 2947 essent,
546 2889 642 2951 neque
667 2873 743 2936 enirn
762 2870 894 2946 intellegi
916 2868 1027 2931 debere
1050 2882 1116 2944 po·

109 2961 237 3012 steros
265 2953 341 3014 ultra
363 2956 438 3018 bunc
466 2954 603 3032 gradum
634 2926 806 3031 psttlutaque
835 2954 974 3018 Diuorum
1003 2950 1057 3018 tuli
1086 2956 1118 3007 et

108 3035 234 3113 Augusti
248 3034 403 3113 diplomata
417 3047 450 3107 ut
467 3048 570 3101 vetera
585 3047 615 3105 et
632 3036 767 3105 obsoleta
780 3037 917 3103 dedebat.
962 3032 1118 3113 Arguebat

109 3127 139 3178 et
158 3137 315 3199 perperam
339 3121 578 3198 enitescamus,
609 3120 711 3199 quibus
738 3132 843 3199 postea
869 3136 1051 3201 quacunque
1078 3115 1152 3177 (10³⁵

109 3221 196 3264 cansa
220 3205 372 3283 quicquam
391 3207 561 3269 incrementi
582 3207 767 3270 accessisset.
812 3205 994 3273 Testamenta
1017 3199 1116 3280 primi·

108 3288 257 3366 pilarimn,
278 3290 326 3365 qui
350 3288 388 3349 ab
402 3289 484 3354 initio
499 3288 597 3351 Tiberi
615 3290 795 3368 principatus
812 3308 907 3368 neque
924 3288 1003 3350 illurn
1017 3301 1115 3363 neque

51 3450 59 3457 ·
108 3389 142 3429 se
156 3372 294 3435 beredem
312 3372 516 3451 reliquissent,
546 3382 576 3432 ut
597 3374 712 3449 ingrata
734 3374 868 3443 rescidit;
899 3376 967 3433 item
997 3378 1113 3431 cetero-
