2475 3775
127 122 130 142 '
155 137 196 197 24
240 146 269 194 c.
285 103 435 196 surroxr
453 143 580 205 resse.
595 144 645 192 or
658 144 742 192 vrrs
756 143 940 201 classenm
955 144 1024 207 cre,
1039 145 1061 190 1.

155 304 296 372 rationem
318 301 431 362 dicendi
446 309 571 376 tenere,
595 308 625 359 et
644 299 680 360 ad
695 296 861 361 Cornelium
876 297 1022 378 Nepotem
1039 299 1076 359 de
1094 319 1142 362 eo-

31 435 36 448 .
63 388 64 391 ’
157 387 221 448 dem
241 388 280 446 ita
296 387 440 464 scripsitt-
457 383 559 458 Quid?
585 391 745 445 oratorum
768 401 855 464 quero
881 383 1144 462 teiccntepeaes

136 467 276 545 ‘eoram
307 468 445 548 qeiniltil
459 467 545 529 aliod
560 470 706 548 operm?
735 469 805 547 qais
817 467 975 529 sententiis
996 475 1050 528 cot
1073 485 1142 530 ocsra

7 627 12 634 1
33 604 37 612 ,
156 557 218 616 tior
235 559 290 615 out
307 551 470 614 crebrior?
498 553 566 632 quis
585 550 690 612 oe‘bis
709 559 764 612 cot
784 552 928 613 ornatior
948 557 1002 612 out
1025 551 1142 635 elepua·

101 655 104 659 ·
157 639 240 698 tior?
265 636 361 697 Genus
381 636 563 715 eloquentiae
587 635 652 695 dum
674 645 752 696 taxat
768 637 939 702 adulescens
961 635 1054 699 adhuc
1068 637 1164 697 Stra-s

155 722 240 782 bonis
269 719 402 780 Caesaris
434 729 552 780 secutus
568 719 695 796 videtur,
724 721 804 781 cuius
827 722 913 780 etiem
940 737 978 781 ex
1004 721 1144 797 oratione,

156 807 229 884 quae
248 801 412 864 inscribitur
426 821 485 882 pro
498 803 628 880 Sardis,
655 804 692 864 ad
713 803 833 864 verbum
852 803 987 865 nonnulla
1006 800 1145 868 transtulit

155 893 184 950 in
203 889 405 948 divinationem
417 905 507 959 suam.
528 887 839 948 *Pronuntiasseautem
853 888 956 948 dicitur
967 903 1044 947 voce
1054 896 1144 964 acuta,

156 972 267 1034 ardenti
289 981 545 1050 motugestuque,
566 989 625 1032 non
646 974 708 1033 sine
729 981 890 1032 venustate.
926 969 1076 1032 Orationes
1095 971 1143 1030 ali-

155 1073 226 1134 ques
247 1055 378 1136 reliquit,
406 1057 481 1116 inter
507 1073 577 1134 quas
605 1055 880 1134 temere·quaedam
909 1055 1048 1114 feruntur.
1083 1053 1143 1120 Pro
1153 1071 1181 1112 se

157 1138 268 1212 Quinto
290 1137 410 1200 Metello
430 1155 487 1198 non
509 1141 651 1201 immerito
665 1139 819 1216 Augustus
839 1141 983 1217 existimat
1002 1141 1094 1215 magis
1110 1137 1144 1198 ab

155 1224 281 1282 actuaris
297 1232 449 1302 exceptam
463 1223 537 1284 male
553 1223 795 1302 subsequentibus
807 1223 897 1283 verbe
915 1222 1048 1298 dicentis,
1064 1239 1145 1302 quom

156 1306 191 1366 ab
207 1307 272 1384 ipso
288 1307 405 1376 editam;
429 1325 492 1367 nam
513 1309 542 1369 in
557 1307 723 1385 quibusdam
747 1306 960 1386 exemplaribus
974 1308 1088 1366 inuenio
1110 1325 1147 1372 ne

155 1392 321 1469 inscriptam
337 1391 450 1469 quidem
462 1409 522 1468 pro
538 1390 675 1466 Metello,
703 1390 755 1450 s'ed
769 1409 861 1470 quom
874 1391 1002 1468 scripsit
1015 1389 1144 1464 Metello,
1200 1404 1204 1412 ·

157 1491 219 1532 cum
249 1493 286 1534 ex
311 1490 437 1553 persona
453 1472 725 1536 -oaesartsserms
752 1476 790 1534 sit
814 1475 961 1536 Metellum
987 1490 1078 1561 seque
1097 1474 1182 1534 ud-rs

156 1575 260 1616 versus
289 1561 476 1619 communium
506 1558 733 1618 obtrectatorum
755 1560 968 1619 criminationes
988 1560 1146 1636 purgantis.
1226 1622 1228 1625 ,

155 1638 250 1718 Apud
263 1641 375 1702 milites
390 1659 504 1720 quoque
520 1642 553 1702 irs
567 1641 724 1723 Hispania
737 1641 814 1702 idem
828 1643 976 1719 Augustus
987 1643 1041 1700 ‘vix
1056 1643 1148 1720 ipsius

45 1745 47 1751 ’
156 1731 251 1804 putat3
274 1743 345 1804 quae
367 1734 461 1792 tamen
484 1724 592 1804 duplex
610 1727 718 1786 fertur:
746 1721 800 1789 una
824 1728 904 1805 quasi
931 1726 1028 1804 priore
1051 1723 1149 1786 habita

155 1808 286 1886 proelio,
314 1809 402 1876 altera
431 1812 614 1889 posteriore,
638 1829 696 1890 quo
721 1809 954 1880 AsiniusPollio
977 1828 1014 1869 ne
1035 1819 1148 1889 tempus
1230 1834 1231 1837 ¹

133 1920 137 1930 s
156 1891 270 1972 quidem
296 1894 478 1955 contionandi
499 1894 721 1957 habuisseeum
750 1894 820 1955 dicit
848 1894 1086 1976 subita·lrostium
1105 1896 1184 1953 irs-ro

113 1978 303 2039 ctcursione.
338 1978 466 2056 Reliquit
492 1988 522 2038 et
540 1998 636 2039 rerum
660 1998 774 2039 suarum
800 1970 1021 2046 commenderios
1044 1978 1150 2039 Gallici

156 2059 306 2139 civilisque
327 2060 397 2121 belli
419 2062 596 2141 Pompeiani.
632 2062 705 2123 Nam
725 2062 913 2123 Alexandrini
941 2062 1093 2141 Africique
1119 2071 1152 2121 et

153 2141 351 2219 Hispaniensis
371 2146 623 2209 incertus-auctor
646 2156 706 2205 est:
737 2146 785 2206 alii
809 2146 933 2225 Oppium
959 2154 1076 2226 putant,
1099 2145 1151 2206 alii

153 2224 342 2303 Hirtiumqui
364 2229 450 2287 etiam
469 2227 572 2289 Gallici
594 2228 663 2288 belli
682 2232 869 2293 nouissimum
890 2226 1151 2308 imperfectumque

154 2306 256 2375 librum
285 2309 473 2388 suppleverit.
512 2310 556 2371 De
581 2316 793 2373 commentariis
820 2313 953 2375 Caesaris
982 2311 1090 2373 Cicero
1120 2314 1186 2373 inas

154 2390 258 2453 eodem
273 2391 361 2452 Bruto
381 2394 546 2455 siereiert:
570 2394 953 2476 Commentariosscripsit
968 2396 1063 2457 ootde
1080 2398 1151 2475 qei-

94 2490 96 2494 ’
154 2475 221 2535 dem
238 2475 438 2554 probandos.-
467 2478 544 2555 nudi
570 2487 658 2556 strat,
687 2482 766 2541 recti
784 2489 815 2543 et
832 2481 967 2556 venusti,
993 2481 1076 2541 orani
1096 2498 1152 2542 or·

152 2566 229 2619 ncta
248 2561 400 2624 orationis
418 2568 572 2642 tamquam
591 2572 675 2625 ceste
695 2563 857 2635 detracto,·
884 2565 941 2625 sed
959 2563 1032 2625 dum
1051 2563 1155 2625 coluit
1230 2559 1232 2580 '

32 2716 33 2725 ἵ
154 2644 235 2703 elios
248 2644 363 2707 todem
379 2654 514 2725 perroto,
543 2648 625 2711 crede
636 2657 791 2720 remeent
808 2651 861 2727 qui
878 2649 991 2711 saltem
1008 2646 1156 2709 scribere

92 2748 111 2792 x
151 2724 329 2803 historiam,
363 2730 475 2809 ineptis
490 2739 614 2811 protam
636 2733 778 2811 sortasse
804 2732 879 2810 fecit
898 2731 952 2812 qui
968 2731 1025 2791 illo
1045 2732 1189 2796 coleretis

116 2864 122 2870 .
148 2808 342 2872 xcolstrrsistris
360 2813 500 2892 inurere,
522 2834 619 2879 soreos
639 2818 759 2896 quidem
784 2816 920 2877 domines
941 2814 1155 2877 ascribendo

152 2890 309 2953 deterruit.
352 2895 397 2956 De
422 2898 514 2958 isdem
543 2902 754 2971 commentariis
781 2900 889 2961 Hirtius
917 2902 957 2959 ita
982 2899 1155 2978 praedieat-

152 2970 239 3068 Anno
250 2975 423 3051 probantur
437 2983 567 3045 omnium
581 2983 712 3058 iudicio,
730 2989 765 3043 ct
775 2991 957 3063 praerepto,
976 3001 1040 3043 moa
1051 3001 1154 3061 prae·

152 3054 216 3153 detq
240 3056 379 3133 [ocultae
414 3066 621 3144 scriptoribus
643 3066 796 3127 videatur.
838 3067 937 3129 Cuius
971 3073 1073 3127 tamen
1099 3067 1159 3130 rei

150 3156 256 3199 motor
265 3149 374 3203 nostro
386 3163 476 3226 quom
485 3150 674 3228 reliquorum
689 3158 736 3212 est
748 3150 931 3222 admiratio·
947 3150 1044 3211 ceteri
1056 3150 1157 3227 enim,
1166 3174 1194 3215 ss

151 3239 243 3301 quom
256 3222 330 3283 hece
343 3232 433 3306 etque
452 3232 623 3309 emendate,
650 3252 711 3295 reos
730 3235 836 3311 etiam,
867 3254 960 3316 quom
977 3234 1084 3312 facile·
1103 3242 1157 3295 at-

152 3323 210 3384 que
235 3306 373 3369 celeriter
401 3327 457 3371 ¹eos
481 3318 716 3395 perscripserit,
742 3316 867 3379 seimus.
902 3319 998 3388 Pollio
1028 3317 1159 3378 Asinius

150 3406 250 3467 parum
266 3390 420 3469 diligenter
438 3412 606 3475 perumque„
618 3402 732 3478 integra
753 3405 874 3463 veritate
896 3403 1077 3482 compositas
1098 3421 1158 3481 pu-
