2475 3775
81 201 83 206 ι
138 169 201 235 264
387 177 418 250 ς.
433 176 624 226 SUETOMUS
640 166 888 236 auunculum
943 232 949 248 r

96 347 131 401 15
201 331 348 410 Lenaeos,
369 331 467 410 llagni
481 331 602 411 Pompei
623 329 744 390 libertus
760 336 793 390 'et
809 343 884 409 pene
904 331 1028 390 omnium
1048 347 1149 410 expe-

140 415 277 478 ditionum
293 431 406 493 comes,
429 414 565 475 defuncto
585 432 623 476 ao
640 413 767 492 liliisquo
782 414 844 474 cius
860 413 960 474 schola
972 431 1009 472 se
1023 423 1147 477 sustea-

138 501 223 568 tavit;
239 498 393 578 docuitque
409 497 567 568 incuriosis
586 497 623 558 ad
638 496 778 574 Telluris,
798 500 827 556 in
842 515 897 576 qua
915 496 1041 576 regione
1058 497 1147 558 Pom-
1190 532 1194 540 ·

78 603 83 607 ’
140 585 270 663 peiorum
286 580 387 642 domus
401 584 511 660 luerat,
534 591 664 643 autumo
684 592 782 642 amore
803 595 875 659 erga
894 583 1008 660 pauoni
1028 598 1147 642 memo·

139 669 210 728 riam
225 667 334 744 extitit,
349 675 380 726 ut
393 666 559 728 Sallustium
573 665 757 742 historicum,
779 665 857 743 quod
872 681 935 730 eum
950 665 1017 725 oris
1029 664 1144 742 prodi,
1160 691 1174 731 s

140 751 242 811 auimo
263 748 468 811 inverecundo
489 751 673 830 scripsisset,
702 747 891 820 occultissima
909 757 1005 824 satyra
1024 748 1143 809 lacera·
1215 771 1216 796 ι

138 835 228 909 verit,
244 831 417 894 lostaurum
431 834 633 911 etsirtrcoucm
648 840 677 894 ct
698 832 877 894 nebulosam
892 833 1146 912 popioouemquc
1215 807 1216 846 ¹

140 916 306 998 appellans,
324 923 354 977 ct
367 918 434 978 citu
447 918 634 996 scriptisque
654 926 873 993 monstrosum,
888 921 1060 995 practerea
1075 918 1143 994 pri·

140 1017 262 1062 acorum
275 997 462 1080 Catonisque
475 999 639 1062 uerborum
652 1000 922 1062 tumultuatum
931 999 1043 1078 [mem.
1073 999 1144 1059 Tra·

92 1133 95 1140 a
140 1084 215 1144 ditur
231 1091 325 1142 autem
342 1101 415 1163 puer
430 1083 525 1145 adhuc
542 1084 665 1154 Athenis
685 1093 850 1164 surreptus,
872 1083 1018 1162 refugisse
1037 1084 1071 1144 in
1091 1099 1180 1162 pau
1215 1079 1216 1086 ’

138 1167 238 1242 triam,
253 1169 462 1249 perceptisque
475 1167 643 1230 liberalibus
659 1168 834 1249 disciplinis,
857 1169 979 1247 pretium
996 1184 1084 1226 suum
1098 1185 1146 1226 re·
1215 1201 1216 1272 p

140 1249 255 1348 tulisse,
279 1266 380 1311 rerum
402 1250 440 1311 ob
464 1254 610 1330 ingenium
632 1261 717 1332 atque
740 1251 899 1314 doctrinam
921 1251 1014 1328 'gratis
1037 1268 1145 1310 manu·

139 1349 278 1394 missus..
407 1351 411 1360 ·

96 1430 134 1487 16
190 1417 240 1492 ·Q.
253 1411 684 1499 CaeciliusEpirotu,'l¹usculi
696 1427 795 1496 natus,
818 1417 939 1479 liuertus
950 1417 1039 1477 Attici
1059 1418 1145 1496 equi·

139 1503 177 1560 tis
199 1501 336 1578 Romam,
359 1501 501 1584 adquam
522 1511 587 1563 sunt
606 1502 758 1564 Ciceronis
781 1502 941 1583 epistolae,
966 1516 1029 1570 cum
1052 1501 1181 1561 liliam¹⁵
1215 1502 1216 1520 ¹

111 1600 114 1610 ¹
140 1587 255 1662 patroni
272 1595 388 1665 nuptam
403 1586 442 1647 tl.
459 1582 611 1667 Agrippae
625 1586 762 1664 doceret,
787 1595 939 1667 suspectus
954 1586 983 1646 in
999 1603 1035 1648 ea
1049 1593 1083 1654 et
1104 1584 1148 1644 ob

139 1666 198 1726 hoe
227 1676 370 1746 remotos,
401 1669 437 1729 ad
461 1669 627 1731 Cornelium
652 1669 779 1732 Gallrnu‘
792 1689 825 1730 sc
858 1669 980 1730 contulit
1009 1670 1148 1746 sinitque

139 1767 196 1811 unu
211 1748 451 1835 familiarissime,
474 1754 550 1835 quod
569 1756 628 1835 ipsi
643 1754 725 1817 Gallo
741 1757 815 1815 inter
835 1753 1005 1832 gravissimo
1022 1754 1148 1815 crimina
1215 1791 1216 1794 =

139 1833 176 1895 ab
188 1835 320 1913 Augusto
339 1836 483 1899 obiicitur.
517 1836 589 1900 l’ost
608 1838 711 1900 deiude
732 1837 940 1919 damnationem
960 1845 1148 1916 mortemque

142 1918 215 1980 Galli
226 1919 357 1982 scholam
368 1926 496 2003 aperuit,
509 1922 609 1985 sedita
623 1924 768 2004 ut'paucis
784 1931 814 1983 et
827 1932 933 1983 tantum
947 1920 1146 1982 adulescenti·
1157 1931 1182 1972 tt

68 2024 76 2036 ‘
139 2002 195 2061 bus
205 2006 407 2084 praeciperet,
424 2016 607 2086 praetextato
623 2008 746 2083 nemini,
759 2007 814 2069 nisi
829 2007 855 2066 si
870 2006 950 2066 cuius
961 2006 1073 2084 parenti
1086 2004 1148 2063 lroc

141 2086 267 2144 oflicium
278 2105 388 2165 negare
399 2108 457 2149 non
470 2102 592 2171 posset·
611 2091 720 2153 Primus
731 2090 833 2169 dicitur
844 2088 943 2166 Latine
957 2107 996 2147 ex
1007 2096 1147 2167 tempore
1215 2086 1216 2151 l

140 2166 318 2246 disputasse,
341 2174 506 2252 primusque
518 2176 672 2252 Virgilium
688 2184 718 2235 et
734 2172 808 2235 alios
829 2182 933 2254 poetas
948 2189 1042 2233 noros
1057 2190 1145 2250 prae·
1215 2173 1216 2217 t

140 2249 243 2326 legere
258 2255 505 2336 coepisse,‘quod
519 2259 604 2317 etiam
614 2258 729 2319 Domitii
745 2258 833 2319 Marsi
844 2256 1008 2318 versiculus
1020 2254 1145 2318 indicat:

351 2342 483 2413 Epa'rotu,
499 2346 658 2401 lamnarum
676 2340 929 2402 nutricula'uotum.
1154 2360 1180 2400 aa

98 2424 133 2481 17
202 2417 240 2481 Μ.
262 2418 383 2481 Verrius
403 2422 528 2484 Flaccus
545 2424 708 2485 <libertinus
731 2425 854 2487 docendi
883 2442 993 2503 genere
1019 2426 1145 2485 marrime

97 2560 105 2570 .
141 2505 253 2567 claruit.
285 2502 416 2584 Namque
432 2507 467 2567 ad
483 2508 668 2583 exercitanda
684 2509 854 2571 discentium
872 2509 990 2589 ingenia
1004 2508 1144 2587 aequales

139 2592 215 2649 inter
235 2603 268 2648 se
290 2590 483 2669 committeres
494 2591 624 2671 solebat,
651 2596 803 2675 proposito
826 2609 884 2653 non
911 2591 1003 2653 solum
1023 2594 1145 2651 materia

141 2690 225 2749 quam
239 2672 417 2751 acciderent,
431 2671 482 2735 scd
495 2684 524 2735 et
535 2678 665 2755 praemio
681 2678 758 2759 quod
770 2679 864 2737 victor
876 2676 1013 2737 auferret.
1036 2673 1067 2734 Id
1079 2682 1146 2734 erat

139 2753 216 2814 liber
229 2754 333 2835 aliquis
349 2759 497 2839 antiquus,
513 2760 635 2839 pulcher
649 2770 697 2821 aut
711 2762 813 2821 rarior.
845 2761 942 2836 Quare
957 2759 993 2819 ab
1008 2757 1143 2835 Angusto
1152 2779 1181 2821 so

141 2849 256 2913 quoque
270 2840 431 2918 nepotibus·
440 2844 502 2904 clus
513 2854 691 2923 praeceptor
702 2845 830 2922 electus,
841 2844 953 2905 transiit
964 2843 993 2901 in
1004 2841 1143 2903 Palatium

94 2933 103 2960 ι
141 2933 205 2975 cum
218 2926 280 2979 tota
295 2923 414 3001 schola,
435 2945 535 2986 verum
556 2935 586 2986 ut
608 2946 646 2992 oe
666 2926 756 3005 quem
774 2928 895 3006 amplius
916 2924 1043 3020 posthac
1058 2924 1143 2984 disci·

138 2998 237 3081 pulum
253 3005 414 3081 reciperet;
436 3009 590 3094 docuitque
611 3012 640 3071 iu
664 3014 737 3071 atrio
753 3009 903 3071 Catulinae
926 3010 1043 3087 domus,
1069 3025 1145 3087 quae

135 3100 208 3162 xpars
224 3082 324 3144 Palatii
340 3096 408 3149 tunc
426 3102 504 3170 erat,
520 3103 550 3153 et
566 3102 689 3170 centena
705 3096 841 3155 sestertia
857 3095 886 3153 in
901 3111 1003 3154 annum
1018 3092 1144 3170 accepit.

137 3164 275 3227 Decessit
296 3174 398 3229 aetatis
422 3186 543 3235 exactae
563 3178 616 3237 sub
633 3176 760 3239 Tiberio.
799 3178 926 3251 Statuam
946 3174 1034 3236 hahet
1054 3176 1179 3235 Prae-³⁵

138 3259 236 3328 noste,
257 3253 457 3331 injsupartore
475 3258 533 3319 tori
547 3271 631 3339 parto
650 3258 726 3323 circa
744 3260 961 3338 hemicyclium,
983 3262 1086 3339 inquo
1103 3258 1145 3318 la·

135 3340 202 3393 ‘atos
217 3352 234 3393 a
247 3352 281 3393 se
297 3335 444 3397 ordinatos
459 3348 666 3404 etmarmoreo
684 3346 787 3425 parieti
803 3347 912 3406 incisos
927 3340 1102 3424 publicarat.

97 3420 133 3473 18
201 3416 232 3474 L.
245 3416 421 3498 Crassicius,
433 3439 545 3498 genere
557 3425 740 3507 Tarentinus,
753 3430 860 3490 ordinis
873 3428 1015 3503 libertini,
1035 3444 1146 3504 cogno-

78 3619 166 3635 Δ,

40 3657 228 3713 A—k.
