<?xml version="1.0" encoding="UTF-8"?>
<!DOCTYPE html PUBLIC "-//W3C//DTD XHTML 1.0 Transitional//EN"
    "http://www.w3.org/TR/xhtml1/DTD/xhtml1-transitional.dtd">
<html xmlns="http://www.w3.org/1999/xhtml" xml:lang="en" lang="en">
 <head>
  <title>
</title>
<meta http-equiv="Content-Type" content="text/html;charset=utf-8" />
  <meta name='ocr-system' content='tesseract 3.04.00' />
  <meta name='ocr-capabilities' content='ocr_page ocr_carea ocr_par ocr_line ocrx_word'/>
</head>
<body>
  <div class='ocr_page' id='page_1' title='image "./csuetonitranqui03rothgoog_0401.png"; bbox 0 0 2475 3775; ppageno 0'>
   <div class='ocr_carea' id='block_1_1' title="bbox 237 164 1083 270">
    <p class='ocr_par' dir='ltr' id='par_1_1' title="bbox 237 164 1083 270">
     <span class='ocr_line' id='line_1_1' title="bbox 237 164 1083 270; baseline 0 -34"><span class='ocrx_word' id='word_1_1' title='bbox 237 164 516 236; x_wconf 76' lang='lat' dir='ltr'><strong>nnrnnmronnrt</strong></span> <span class='ocrx_word' id='word_1_2' title='bbox 537 179 718 270; x_wconf 73' lang='lat' dir='ltr'><strong>nmncnuu</strong></span> <span class='ocrx_word' id='word_1_3' title='bbox 737 183 937 245; x_wconf 77' lang='lat' dir='ltr'><strong>nnnronmn.</strong></span> <span class='ocrx_word' id='word_1_4' title='bbox 1024 172 1083 238; x_wconf 83' lang='lat'><strong>291</strong></span> 
     </span>
    </p>
   </div>
   <div class='ocr_carea' id='block_1_2' title="bbox 20 320 1088 1094">
    <p class='ocr_par' dir='ltr' id='par_1_2' title="bbox 58 320 1088 1094">
     <span class='ocr_line' id='line_1_2' title="bbox 83 320 1086 418; baseline -0.002 -14"><span class='ocrx_word' id='word_1_5' title='bbox 83 335 218 405; x_wconf 82' lang='lat' dir='ltr'><strong>homines</strong></span> <span class='ocrx_word' id='word_1_6' title='bbox 245 347 330 402; x_wconf 83' lang='lat' dir='ltr'><strong>eruta</strong></span> <span class='ocrx_word' id='word_1_7' title='bbox 356 320 475 399; x_wconf 78' lang='lat' dir='ltr'><strong>feritate</strong></span> <span class='ocrx_word' id='word_1_8' title='bbox 504 338 645 398; x_wconf 88' lang='lat' dir='ltr'><strong>rationem</strong></span> <span class='ocrx_word' id='word_1_9' title='bbox 669 339 747 398; x_wconf 87' lang='lat' dir='ltr'><strong>ritae</strong></span> <span class='ocrx_word' id='word_1_10' title='bbox 777 336 887 400; x_wconf 88' lang='lat' dir='ltr'><strong>babere</strong></span> <span class='ocrx_word' id='word_1_11' title='bbox 919 340 1086 418; x_wconf 85' lang='lat' dir='ltr'><strong>coepissent</strong></span> 
     </span>
     <span class='ocr_line' id='line_1_3' title="bbox 85 421 1087 508; baseline -0.004 -20"><span class='ocrx_word' id='word_1_12' title='bbox 85 442 179 508; x_wconf 78' lang='lat' dir='ltr'><strong>seque</strong></span> <span class='ocrx_word' id='word_1_13' title='bbox 191 443 226 487; x_wconf 84' lang='lat' dir='ltr'><strong>ac</strong></span> <span class='ocrx_word' id='word_1_14' title='bbox 242 426 316 486; x_wconf 88' lang='lat' dir='ltr'><strong>deos</strong></span> <span class='ocrx_word' id='word_1_15' title='bbox 329 440 399 484; x_wconf 88' lang='lat' dir='ltr'><strong>snus</strong></span> <span class='ocrx_word' id='word_1_16' title='bbox 415 436 520 498; x_wconf 89' lang='lat' dir='ltr'><strong>nosse,</strong></span> <span class='ocrx_word' id='word_1_17' title='bbox 538 421 645 481; x_wconf 88' lang='lat' dir='ltr'><strong>cultum</strong></span> <span class='ocrx_word' id='word_1_18' title='bbox 655 422 797 482; x_wconf 89' lang='lat' dir='ltr'><strong>modicum</strong></span> <span class='ocrx_word' id='word_1_19' title='bbox 813 441 847 484; x_wconf 88' lang='lat' dir='ltr'><strong>ac</strong></span> <span class='ocrx_word' id='word_1_20' title='bbox 859 439 1022 484; x_wconf 84' lang='lat' dir='ltr'><strong>sermonem</strong></span> <span class='ocrx_word' id='word_1_21' title='bbox 1036 443 1087 484; x_wconf 90' lang='lat' dir='ltr'><strong>ne</strong></span> 
     </span>
     <span class='ocr_line' id='line_1_4' title="bbox 20 505 1085 586; baseline -0.008 -11.482"><span class='ocrx_word' id='word_1_22' title='bbox 20 514 244 574; x_wconf 87' lang='lat' dir='ltr'><strong>-cessarium</strong></span> <span class='ocrx_word' id='word_1_23' title='bbox 266 508 419 570; x_wconf 86' lang='lat' dir='ltr'><strong>commenti</strong></span> <span class='ocrx_word' id='word_1_24' title='bbox 441 505 496 566; x_wconf 88' lang='lat' dir='ltr'><strong>sibi</strong></span> <span class='ocrx_word' id='word_1_25' title='bbox 503 507 686 586; x_wconf 70' lang='lat' dir='ltr'><strong>‚utiusque</strong></span> <span class='ocrx_word' id='word_1_26' title='bbox 705 507 946 584; x_wconf 75' lang='lat' dir='ltr'><strong>magnificentiam</strong></span> <span class='ocrx_word' id='word_1_27' title='bbox 968 507 1004 568; x_wconf 91' lang='lat' dir='ltr'><strong>ad</strong></span> <span class='ocrx_word' id='word_1_28' title='bbox 1017 507 1085 567; x_wconf 89' lang='lat' dir='ltr'><strong>reli·</strong></span> 
     </span>
     <span class='ocr_line' id='line_1_5' title="bbox 83 591 1088 674; baseline -0.006 -18"><span class='ocrx_word' id='word_1_29' title='bbox 83 600 202 674; x_wconf 81' lang='lat' dir='ltr'><strong>giorum</strong></span> <span class='ocrx_word' id='word_1_30' title='bbox 217 595 359 654; x_wconf 83' lang='lat' dir='ltr'><strong>deorum</strong></span> <span class='ocrx_word' id='word_1_31' title='bbox 351 607 466 653; x_wconf 85' lang='lat' dir='ltr'><strong>suornm</strong></span> <span class='ocrx_word' id='word_1_32' title='bbox 483 591 735 667; x_wconf 78' lang='lat' dir='ltr'><strong>excogitaverunt.</strong></span> <span class='ocrx_word' id='word_1_33' title='bbox 759 591 851 668; x_wconf 86' lang='lat' dir='ltr'><strong>lgitur</strong></span> <span class='ocrx_word' id='word_1_34' title='bbox 862 601 892 651; x_wconf 92' lang='lat' dir='ltr'><strong>ut</strong></span> <span class='ocrx_word' id='word_1_35' title='bbox 903 591 1011 670; x_wconf 81' lang='lat' dir='ltr'><strong>templa</strong></span> <span class='ocrx_word' id='word_1_36' title='bbox 1027 591 1088 651; x_wconf 86' lang='lat' dir='ltr'><strong>illia</strong></span> 
     </span>
     <span class='ocr_line' id='line_1_6' title="bbox 58 671 1085 757; baseline -0.006 -16"><span class='ocrx_word' id='word_1_37' title='bbox 58 680 219 741; x_wconf 73' lang='lat' dir='ltr'><strong>edomitus</strong></span> <span class='ocrx_word' id='word_1_38' title='bbox 241 676 408 757; x_wconf 74' lang='lat' dir='ltr'><strong>pulchriora</strong></span> <span class='ocrx_word' id='word_1_39' title='bbox 429 680 459 734; x_wconf 85' lang='lat' dir='ltr'><strong>et</strong></span> <span class='ocrx_word' id='word_1_40' title='bbox 473 672 625 735; x_wconf 85' lang='lat' dir='ltr'><strong>simulacra</strong></span> <span class='ocrx_word' id='word_1_41' title='bbox 645 675 818 756; x_wconf 76' lang='lat' dir='ltr'><strong>corporibus</strong></span> <span class='ocrx_word' id='word_1_42' title='bbox 839 671 981 754; x_wconf 86' lang='lat' dir='ltr'><strong>ampliora</strong></span> <span class='ocrx_word' id='word_1_43' title='bbox 995 675 1085 736; x_wconf 86' lang='lat' dir='ltr'><strong>lacie-</strong></span> 
     </span>
     <span class='ocr_line' id='line_1_7' title="bbox 83 758 1084 841; baseline -0.004 -17"><span class='ocrx_word' id='word_1_44' title='bbox 83 765 170 841; x_wconf 90' lang='lat' dir='ltr'><strong>bant‚</strong></span> <span class='ocrx_word' id='word_1_45' title='bbox 192 765 236 823; x_wconf 71' lang='lat' dir='ltr'><strong>tra</strong></span> <span class='ocrx_word' id='word_1_46' title='bbox 253 761 371 840; x_wconf 83' lang='lat' dir='ltr'><strong>eloquio</strong></span> <span class='ocrx_word' id='word_1_47' title='bbox 392 760 478 819; x_wconf 88' lang='lat' dir='ltr'><strong>etiam</strong></span> <span class='ocrx_word' id='word_1_48' title='bbox 500 759 581 837; x_wconf 86' lang='lat' dir='ltr'><strong>quasi</strong></span> <span class='ocrx_word' id='word_1_49' title='bbox 605 762 776 835; x_wconf 82' lang='lat' dir='ltr'><strong>augustiore</strong></span> <span class='ocrx_word' id='word_1_50' title='bbox 796 758 983 820; x_wconf 82' lang='lat' dir='ltr'><strong>honorandos</strong></span> <span class='ocrx_word' id='word_1_51' title='bbox 1003 768 1084 838; x_wconf 88' lang='lat' dir='ltr'><strong>puta·</strong></span> 
     </span>
     <span class='ocr_line' id='line_1_8' title="bbox 83 841 1083 924; baseline -0.004 -16"><span class='ocrx_word' id='word_1_52' title='bbox 83 855 188 908; x_wconf 86' lang='lat' dir='ltr'><strong>rerunt</strong></span> <span class='ocrx_word' id='word_1_53' title='bbox 209 845 368 924; x_wconf 79' lang='lat' dir='ltr'><strong>laudesque</strong></span> <span class='ocrx_word' id='word_1_54' title='bbox 390 859 488 904; x_wconf 87' lang='lat' dir='ltr'><strong>eornm</strong></span> <span class='ocrx_word' id='word_1_55' title='bbox 504 850 533 902; x_wconf 90' lang='lat' dir='ltr'><strong>et</strong></span> <span class='ocrx_word' id='word_1_56' title='bbox 546 841 645 902; x_wconf 84' lang='lat' dir='ltr'><strong>verbis</strong></span> <span class='ocrx_word' id='word_1_57' title='bbox 666 841 872 922; x_wconf 78' lang='lat' dir='ltr'><strong>illustrioribus</strong></span> <span class='ocrx_word' id='word_1_58' title='bbox 893 853 922 903; x_wconf 90' lang='lat' dir='ltr'><strong>et</strong></span> <span class='ocrx_word' id='word_1_59' title='bbox 936 843 1083 904; x_wconf 81' lang='lat' dir='ltr'><strong>iucundiu-</strong></span> 
     </span>
     <span class='ocr_line' id='line_1_9' title="bbox 83 923 1083 1028; baseline -0.003 -37"><span class='ocrx_word' id='word_1_60' title='bbox 83 932 165 992; x_wconf 88' lang='lat' dir='ltr'><strong>ribus</strong></span> <span class='ocrx_word' id='word_1_61' title='bbox 179 932 303 990; x_wconf 88' lang='lat' dir='ltr'><strong>numeris</strong></span> <span class='ocrx_word' id='word_1_62' title='bbox 319 927 492 988; x_wconf 78' lang='lat' dir='ltr'><strong>extulerunt.</strong></span> <span class='ocrx_word' id='word_1_63' title='bbox 523 923 556 985; x_wconf 91' lang='lat' dir='ltr'><strong>ld</strong></span> <span class='ocrx_word' id='word_1_64' title='bbox 575 944 668 1004; x_wconf 82' lang='lat' dir='ltr'><strong>genus</strong></span> <span class='ocrx_word' id='word_1_65' title='bbox 690 930 756 1006; x_wconf 87' lang='lat' dir='ltr'><strong>quia</strong></span> <span class='ocrx_word' id='word_1_66' title='bbox 771 928 867 990; x_wconf 84' lang='lat' dir='ltr'><strong>lomna</strong></span> <span class='ocrx_word' id='word_1_67' title='bbox 886 927 1007 1028; x_wconf 83' lang='lat' dir='ltr'><strong>quadam</strong></span> <span class='ocrx_word' id='word_1_68' title='bbox 1021 927 1083 988; x_wconf 81' lang='lat' dir='ltr'><strong>eifl-</strong></span> 
     </span>
     <span class='ocr_line' id='line_1_10' title="bbox 85 1004 1085 1094; baseline -0.003 -19"><span class='ocrx_word' id='word_1_69' title='bbox 85 1013 175 1092; x_wconf 88' lang='lat' dir='ltr'><strong>citnr‚</strong></span> <span class='ocrx_word' id='word_1_70' title='bbox 201 1031 275 1094; x_wconf 85' lang='lat' dir='ltr'><strong>quae</strong></span> <span class='ocrx_word' id='word_1_71' title='bbox 297 1004 575 1091; x_wconf 63' lang='lat' dir='ltr'><strong>academicum,</strong></span> <span class='ocrx_word' id='word_1_72' title='bbox 598 1023 702 1089; x_wconf 85' lang='lat' dir='ltr'><strong>poema</strong></span> <span class='ocrx_word' id='word_1_73' title='bbox 723 1013 880 1074; x_wconf 86' lang='lat' dir='ltr'><strong>vocitatum</strong></span> <span class='ocrx_word' id='word_1_74' title='bbox 902 1020 947 1072; x_wconf 83' lang='lat' dir='ltr'><strong>est</strong></span> <span class='ocrx_word' id='word_1_75' title='bbox 963 1014 1085 1094; x_wconf 81' lang='lat' dir='ltr'><strong>eiusque</strong></span> 
     </span>
    </p>
   </div>
   <div class='ocr_carea' id='block_1_3' title="bbox 41 1093 870 1248">
    <p class='ocr_par' dir='ltr' id='par_1_3' title="bbox 41 1093 857 1248">
     <span class='ocr_line' id='line_1_11' title="bbox 41 1093 729 1196; baseline -0.012 -32"><span class='ocrx_word' id='word_1_76' title='bbox 41 1101 203 1164; x_wconf 81' lang='lat' dir='ltr'><strong>relictores</strong></span> <span class='ocrx_word' id='word_1_77' title='bbox 218 1104 334 1196; x_wconf 81' lang='lat' dir='ltr'><strong>poetae.</strong></span> <span class='ocrx_word' id='word_1_78' title='bbox 364 1093 509 1157; x_wconf 63' lang='lat' dir='ltr'><strong>rodomi</strong></span> <span class='ocrx_word' id='word_1_79' title='bbox 522 1095 641 1172; x_wconf 50' lang='lat' dir='ltr'><strong>Quini.</strong></span> <span class='ocrx_word' id='word_1_80' title='bbox 658 1101 685 1172; x_wconf 79' lang='lat'><strong>8,</strong></span> <span class='ocrx_word' id='word_1_81' title='bbox 703 1105 729 1156; x_wconf 85' lang='lat'><strong>7.</strong></span> 
     </span>
     <span class='ocr_line' id='line_1_12' title="bbox 140 1178 870 1248; baseline -0.004 -14.949"><span class='ocrx_word' id='word_1_82' title='bbox 140 1184 209 1233; x_wconf 89' lang='lat' dir='ltr'><strong>De</strong></span> <span class='ocrx_word' id='word_1_83' title='bbox 202 1184 265 1248; x_wconf 77' lang='lat' dir='ltr'><strong>rpsi&#39;s</strong></span> <span class='ocrx_word' id='word_1_84' title='bbox 277 1182 360 1247; x_wconf 80' lang='lat' dir='ltr'><strong>puetis</strong></span> <span class='ocrx_word' id='word_1_85' title='bbox 372 1181 440 1245; x_wconf 86' lang='lat' dir='ltr'><strong>apud</strong></span> <span class='ocrx_word' id='word_1_86' title='bbox 451 1178 631 1242; x_wconf 74' lang='lat' dir='ltr'><strong>Hieronymum</strong></span> <span class='ocrx_word' id='word_1_87' title='bbox 643 1185 779 1244; x_wconf 76' lang='lat' dir='ltr'><strong>supersunt</strong></span> <span class='ocrx_word' id='word_1_88' title='bbox 795 1179 870 1230; x_wconf 85' lang='lat' dir='ltr'><strong>baec:</strong></span> 
     </span>
    </p>
   </div>
   <div class='ocr_carea' id='block_1_4' title="bbox 42 1246 1151 2331">
    <p class='ocr_par' dir='ltr' id='par_1_4' title="bbox 84 1246 1082 1496">
     <span class='ocr_line' id='line_1_13' title="bbox 148 1246 1082 1326; baseline -0.002 -15"><span class='ocrx_word' id='word_1_89' title='bbox 148 1251 180 1311; x_wconf 96' lang='grc' dir='ltr'><strong>Τ.</strong></span> <span class='ocrx_word' id='word_1_90' title='bbox 193 1250 289 1310; x_wconf 74' lang='lat' dir='ltr'><strong>Livius</strong></span> <span class='ocrx_word' id='word_1_91' title='bbox 304 1246 517 1324; x_wconf 82' lang='lat' dir='ltr'><strong>tragoediarum</strong></span> <span class='ocrx_word' id='word_1_92' title='bbox 529 1248 655 1324; x_wconf 85' lang='lat' dir='ltr'><strong>scriptor</strong></span> <span class='ocrx_word' id='word_1_93' title='bbox 668 1246 763 1307; x_wconf 90' lang='lat' dir='ltr'><strong>clarus</strong></span> <span class='ocrx_word' id='word_1_94' title='bbox 777 1247 914 1325; x_wconf 84' lang='lat' dir='ltr'><strong>habetur,</strong></span> <span class='ocrx_word' id='word_1_95' title='bbox 931 1266 977 1326; x_wconf 86' lang='lat' dir='ltr'><strong>qur</strong></span> <span class='ocrx_word' id='word_1_96' title='bbox 971 1248 1049 1309; x_wconf 85' lang='lat' dir='ltr'><strong>‘&#39;ob</strong></span> <span class='ocrx_word' id='word_1_97' title='bbox 1041 1267 1082 1308; x_wconf 83' lang='grc' dir='ltr'><strong>ιιι·</strong></span> 
     </span>
     <span class='ocr_line' id='line_1_14' title="bbox 84 1329 1082 1413; baseline -0.004 -17"><span class='ocrx_word' id='word_1_98' title='bbox 84 1336 163 1413; x_wconf 81' lang='lat' dir='ltr'><strong>genii</strong></span> <span class='ocrx_word' id='word_1_99' title='bbox 180 1334 311 1393; x_wconf 80' lang='lat' dir='ltr'><strong>meritant</strong></span> <span class='ocrx_word' id='word_1_100' title='bbox 327 1329 439 1390; x_wconf 81' lang='lat' dir='ltr'><strong>abiriu</strong></span> <span class='ocrx_word' id='word_1_101' title='bbox 454 1329 636 1406; x_wconf 85' lang='lat' dir='ltr'><strong>Salinatore,</strong></span> <span class='ocrx_word' id='word_1_102' title='bbox 653 1331 733 1390; x_wconf 87' lang='lat' dir='ltr'><strong>cuius</strong></span> <span class='ocrx_word' id='word_1_103' title='bbox 747 1330 858 1392; x_wconf 81' lang='lat' dir='ltr'><strong>liberos</strong></span> <span class='ocrx_word' id='word_1_104' title='bbox 875 1330 1033 1408; x_wconf 82' lang='lat' dir='ltr'><strong>erudiebat,</strong></span> <span class='ocrx_word' id='word_1_105' title='bbox 1049 1332 1082 1392; x_wconf 92' lang='lat' dir='ltr'><strong>li·</strong></span> 
     </span>
     <span class='ocr_line' id='line_1_15' title="bbox 84 1415 611 1496; baseline -0.013 -18"><span class='ocrx_word' id='word_1_106' title='bbox 84 1419 204 1478; x_wconf 81' lang='lat' dir='ltr'><strong>bertnte-</strong></span> <span class='ocrx_word' id='word_1_107' title='bbox 212 1415 334 1496; x_wconf 70' lang='lat' dir='ltr'><strong>donmns</strong></span> <span class='ocrx_word' id='word_1_108' title='bbox 349 1422 394 1473; x_wconf 87' lang='lat' dir='ltr'><strong>est</strong></span> <span class='ocrx_word' id='word_1_109' title='bbox 407 1430 438 1474; x_wconf 82' lang='lat' dir='ltr'><strong>a.</strong></span> <span class='ocrx_word' id='word_1_110' title='bbox 455 1421 526 1475; x_wconf 75' lang='lat'><strong><em>567.</em></strong></span> <span class='ocrx_word' id='word_1_111' title='bbox 542 1420 611 1474; x_wconf 71' lang='lat'><strong>568.</strong></span> 
     </span>
    </p>

    <p class='ocr_par' dir='ltr' id='par_1_5' title="bbox 42 1496 1151 1662">
     <span class='ocr_line' id='line_1_16' title="bbox 42 1496 1151 1577; baseline 0 -17"><span class='ocrx_word' id='word_1_112' title='bbox 42 1521 73 1560; x_wconf 80' lang='lat' dir='ltr'><strong>rs</strong></span> <span class='ocrx_word' id='word_1_113' title='bbox 147 1499 275 1562; x_wconf 81' lang='lat' dir='ltr'><strong>Naevius</strong></span> <span class='ocrx_word' id='word_1_114' title='bbox 296 1500 425 1558; x_wconf 89' lang='lat' dir='ltr'><strong>comicus</strong></span> <span class='ocrx_word' id='word_1_115' title='bbox 447 1497 551 1558; x_wconf 78' lang='lat' dir='ltr'><strong>Uticae</strong></span> <span class='ocrx_word' id='word_1_116' title='bbox 572 1497 709 1574; x_wconf 87' lang='lat' dir='ltr'><strong>moritur,</strong></span> <span class='ocrx_word' id='word_1_117' title='bbox 735 1496 834 1577; x_wconf 85' lang='lat' dir='ltr'><strong>pulsus</strong></span> <span class='ocrx_word' id='word_1_118' title='bbox 849 1497 939 1560; x_wconf 80' lang='lat' dir='ltr'><strong>lloruu</strong></span> <span class='ocrx_word' id='word_1_119' title='bbox 955 1496 1082 1558; x_wconf 78' lang='lat' dir='ltr'><strong>factiuns</strong></span> <span class='ocrx_word' id='word_1_120' title='bbox 1149 1555 1151 1560; x_wconf 90' lang='lat'><em>.</em></span> 
     </span>
     <span class='ocr_line' id='line_1_17' title="bbox 84 1579 874 1662; baseline -0.005 -16"><span class='ocrx_word' id='word_1_121' title='bbox 84 1585 221 1646; x_wconf 87' lang='lat' dir='ltr'><strong>nobilium</strong></span> <span class='ocrx_word' id='word_1_122' title='bbox 235 1601 270 1644; x_wconf 90' lang='lat' dir='ltr'><strong>ac</strong></span> <span class='ocrx_word' id='word_1_123' title='bbox 285 1582 444 1662; x_wconf 79' lang='lat' dir='ltr'><strong>praecipue</strong></span> <span class='ocrx_word' id='word_1_124' title='bbox 458 1579 642 1642; x_wconf 77' lang='lat' dir='ltr'><strong>Metellorum</strong></span> <span class='ocrx_word' id='word_1_125' title='bbox 658 1598 687 1641; x_wconf 86' lang='lat' dir='ltr'><strong>o.</strong></span> <span class='ocrx_word' id='word_1_126' title='bbox 703 1590 874 1642; x_wconf 69' lang='lat' dir='ltr'><strong>dol—553.</strong></span> 
     </span>
    </p>

    <p class='ocr_par' dir='ltr' id='par_1_6' title="bbox 83 1663 1080 1913">
     <span class='ocr_line' id='line_1_18' title="bbox 147 1663 1080 1746; baseline -0.002 -18"><span class='ocrx_word' id='word_1_127' title='bbox 147 1668 263 1728; x_wconf 82' lang='lat' dir='ltr'><strong>Plautus</strong></span> <span class='ocrx_word' id='word_1_128' title='bbox 279 1682 317 1726; x_wconf 83' lang='lat' dir='ltr'><strong>ex</strong></span> <span class='ocrx_word' id='word_1_129' title='bbox 330 1665 449 1726; x_wconf 88' lang='lat' dir='ltr'><strong>Umbria</strong></span> <span class='ocrx_word' id='word_1_130' title='bbox 469 1663 729 1726; x_wconf 76' lang='lat' dir='ltr'><strong>Sarsinasliumae</strong></span> <span class='ocrx_word' id='word_1_131' title='bbox 743 1667 875 1735; x_wconf 65' lang='lat' dir='ltr'><strong>moritum</strong></span> <span class='ocrx_word' id='word_1_132' title='bbox 892 1666 940 1744; x_wconf 81' lang='lat' dir='ltr'><strong>qai</strong></span> <span class='ocrx_word' id='word_1_133' title='bbox 956 1674 1080 1746; x_wconf 85' lang='lat' dir='ltr'><strong>propter</strong></span> 
     </span>
     <span class='ocr_line' id='line_1_19' title="bbox 85 1746 1078 1828; baseline -0.003 -16"><span class='ocrx_word' id='word_1_134' title='bbox 85 1767 213 1812; x_wconf 88' lang='lat' dir='ltr'><strong>annonae</strong></span> <span class='ocrx_word' id='word_1_135' title='bbox 238 1748 434 1810; x_wconf 82' lang='lat' dir='ltr'><strong>difficultatem</strong></span> <span class='ocrx_word' id='word_1_136' title='bbox 458 1747 495 1808; x_wconf 90' lang='lat' dir='ltr'><strong>ad</strong></span> <span class='ocrx_word' id='word_1_137' title='bbox 518 1746 611 1808; x_wconf 87' lang='lat' dir='ltr'><strong>molas</strong></span> <span class='ocrx_word' id='word_1_138' title='bbox 637 1751 799 1810; x_wconf 77' lang='lat' dir='ltr'><strong>manuarias</strong></span> <span class='ocrx_word' id='word_1_139' title='bbox 821 1751 924 1828; x_wconf 86' lang='lat' dir='ltr'><strong>pistori</strong></span> <span class='ocrx_word' id='word_1_140' title='bbox 945 1768 979 1809; x_wconf 90' lang='lat' dir='ltr'><strong>se</strong></span> <span class='ocrx_word' id='word_1_141' title='bbox 1000 1750 1078 1810; x_wconf 90' lang='lat' dir='ltr'><strong>luca·</strong></span> 
     </span>
     <span class='ocr_line' id='line_1_20' title="bbox 83 1831 1080 1913; baseline 0 -19"><span class='ocrx_word' id='word_1_142' title='bbox 83 1844 180 1911; x_wconf 87' lang='lat' dir='ltr'><strong>verat,</strong></span> <span class='ocrx_word' id='word_1_143' title='bbox 206 1833 246 1894; x_wconf 91' lang='lat' dir='ltr'><strong>lbi</strong></span> <span class='ocrx_word' id='word_1_144' title='bbox 270 1833 402 1913; x_wconf 88' lang='lat' dir='ltr'><strong>quotiens</strong></span> <span class='ocrx_word' id='word_1_145' title='bbox 423 1831 459 1893; x_wconf 94' lang='lat' dir='ltr'><strong>ab</strong></span> <span class='ocrx_word' id='word_1_146' title='bbox 473 1849 564 1912; x_wconf 83' lang='lat' dir='ltr'><strong>opere</strong></span> <span class='ocrx_word' id='word_1_147' title='bbox 587 1841 721 1911; x_wconf 80' lang='lat' dir='ltr'><strong>vacaret,</strong></span> <span class='ocrx_word' id='word_1_148' title='bbox 753 1831 883 1895; x_wconf 81' lang='lat' dir='ltr'><strong>scrlbsre</strong></span> <span class='ocrx_word' id='word_1_149' title='bbox 909 1832 1022 1895; x_wconf 87' lang='lat' dir='ltr'><strong>labulaa</strong></span> <span class='ocrx_word' id='word_1_150' title='bbox 1045 1851 1080 1894; x_wconf 87' lang='lat' dir='ltr'><strong>ac</strong></span> 
     </span>
    </p>

    <p class='ocr_par' dir='ltr' id='par_1_7' title="bbox 42 1917 546 1984">
     <span class='ocr_line' id='line_1_21' title="bbox 42 1917 546 1984; baseline -0.016 0"><span class='ocrx_word' id='word_1_151' title='bbox 42 1920 213 1984; x_wconf 81' lang='lat' dir='ltr'><strong>revendere</strong></span> <span class='ocrx_word' id='word_1_152' title='bbox 226 1917 332 1978; x_wconf 87' lang='lat' dir='ltr'><strong>solitus</strong></span> <span class='ocrx_word' id='word_1_153' title='bbox 346 1933 377 1976; x_wconf 86' lang='lat' dir='ltr'><strong>a.</strong></span> <span class='ocrx_word' id='word_1_154' title='bbox 394 1924 461 1978; x_wconf 76' lang='lat'><strong><em>553.</em></strong></span> <span class='ocrx_word' id='word_1_155' title='bbox 476 1926 546 1977; x_wconf 75' lang='lat'><strong>554.</strong></span> 
     </span>
    </p>

    <p class='ocr_par' dir='ltr' id='par_1_8' title="bbox 83 1999 1079 2331">
     <span class='ocr_line' id='line_1_22' title="bbox 145 1999 1077 2081; baseline -0.001 -19"><span class='ocrx_word' id='word_1_156' title='bbox 145 2002 181 2077; x_wconf 80' lang='lat' dir='ltr'><strong>Q.</strong></span> <span class='ocrx_word' id='word_1_157' title='bbox 194 2001 303 2063; x_wconf 83' lang='lat' dir='ltr'><strong>Ennius</strong></span> <span class='ocrx_word' id='word_1_158' title='bbox 317 2009 403 2080; x_wconf 78' lang='lat' dir='ltr'><strong>poeta</strong></span> <span class='ocrx_word' id='word_1_159' title='bbox 416 1999 532 2061; x_wconf 79' lang='lat' dir='ltr'><strong>Tarenti</strong></span> <span class='ocrx_word' id='word_1_160' title='bbox 546 2002 687 2072; x_wconf 89' lang='lat' dir='ltr'><strong>nascitur;</strong></span> <span class='ocrx_word' id='word_1_161' title='bbox 706 2005 753 2081; x_wconf 80' lang='lat' dir='ltr'><strong>qui</strong></span> <span class='ocrx_word' id='word_1_162' title='bbox 765 2021 781 2063; x_wconf 91' lang='lat' dir='ltr'><strong>a</strong></span> <span class='ocrx_word' id='word_1_163' title='bbox 794 2001 904 2063; x_wconf 84' lang='lat' dir='ltr'><strong>Catone</strong></span> <span class='ocrx_word' id='word_1_164' title='bbox 921 2009 1077 2080; x_wconf 82' lang='lat' dir='ltr'><strong>quaestore</strong></span> 
     </span>
     <span class='ocr_line' id='line_1_23' title="bbox 83 2083 1077 2165; baseline -0.003 -17"><span class='ocrx_word' id='word_1_165' title='bbox 83 2089 202 2148; x_wconf 84' lang='lat' dir='ltr'><strong>Rumam</strong></span> <span class='ocrx_word' id='word_1_166' title='bbox 215 2084 368 2145; x_wconf 75' lang='lat' dir='ltr'><strong>mansiums</strong></span> <span class='ocrx_word' id='word_1_167' title='bbox 382 2083 521 2144; x_wconf 87' lang='lat' dir='ltr'><strong>habitarit</strong></span> <span class='ocrx_word' id='word_1_168' title='bbox 531 2085 563 2144; x_wconf 89' lang='lat' dir='ltr'><strong>in</strong></span> <span class='ocrx_word' id='word_1_169' title='bbox 576 2094 674 2147; x_wconf 86' lang='lat' dir='ltr'><strong>munte</strong></span> <span class='ocrx_word' id='word_1_170' title='bbox 686 2086 849 2163; x_wconf 78' lang='lat' dir='ltr'><strong>Aventino,</strong></span> <span class='ocrx_word' id='word_1_171' title='bbox 865 2103 956 2165; x_wconf 81' lang='lat' dir='ltr'><strong>parco</strong></span> <span class='ocrx_word' id='word_1_172' title='bbox 976 2085 1077 2147; x_wconf 89' lang='lat' dir='ltr'><strong>admu-</strong></span> 
     </span>
     <span class='ocr_line' id='line_1_24' title="bbox 84 2170 1079 2247; baseline 0.002 -18"><span class='ocrx_word' id='word_1_173' title='bbox 84 2172 149 2230; x_wconf 88' lang='lat' dir='ltr'><strong>dum</strong></span> <span class='ocrx_word' id='word_1_174' title='bbox 169 2178 280 2247; x_wconf 85' lang='lat' dir='ltr'><strong>sumptn</strong></span> <span class='ocrx_word' id='word_1_175' title='bbox 301 2176 452 2230; x_wconf 86' lang='lat' dir='ltr'><strong>contentas</strong></span> <span class='ocrx_word' id='word_1_176' title='bbox 470 2176 499 2227; x_wconf 87' lang='lat' dir='ltr'><strong>et</strong></span> <span class='ocrx_word' id='word_1_177' title='bbox 515 2170 598 2229; x_wconf 88' lang='lat' dir='ltr'><strong>nnius</strong></span> <span class='ocrx_word' id='word_1_178' title='bbox 611 2170 737 2232; x_wconf 89' lang='lat' dir='ltr'><strong>ancillae</strong></span> <span class='ocrx_word' id='word_1_179' title='bbox 754 2171 911 2231; x_wconf 87' lang='lat' dir='ltr'><strong>ministeriu</strong></span> <span class='ocrx_word' id='word_1_180' title='bbox 932 2186 964 2230; x_wconf 81' lang='lat' dir='ltr'><strong>a.</strong></span> <span class='ocrx_word' id='word_1_181' title='bbox 981 2178 1079 2231; x_wconf 82' lang='lat'><strong><em>513-</em></strong></span> 
     </span>
     <span class='ocr_line' id='line_1_25' title="bbox 84 2252 1077 2331; baseline 0.001 -18"><span class='ocrx_word' id='word_1_182' title='bbox 84 2262 142 2315; x_wconf 80' lang='grc'><strong>515</strong></span> <span class='ocrx_word' id='word_1_183' title='bbox 153 2295 161 2311; x_wconf 93' lang='grc'><strong>.</strong></span> <span class='ocrx_word' id='word_1_184' title='bbox 174 2297 181 2311; x_wconf 92' lang='grc'><em>.</em></span> <span class='ocrx_word' id='word_1_185' title='bbox 193 2298 200 2312; x_wconf 95' lang='grc'><strong>.</strong></span> <span class='ocrx_word' id='word_1_186' title='bbox 212 2252 322 2331; x_wconf 83' lang='lat' dir='ltr'><strong>Ennius</strong></span> <span class='ocrx_word' id='word_1_187' title='bbox 331 2260 421 2331; x_wconf 77' lang='lat' dir='ltr'><strong>postu</strong></span> <span class='ocrx_word' id='word_1_188' title='bbox 429 2256 612 2330; x_wconf 80' lang='lat' dir='ltr'><strong>septuaginta</strong></span> <span class='ocrx_word' id='word_1_189' title='bbox 624 2256 715 2316; x_wconf 91' lang='lat' dir='ltr'><strong>maior</strong></span> <span class='ocrx_word' id='word_1_190' title='bbox 726 2254 806 2315; x_wconf 91' lang='lat' dir='ltr'><strong>annis</strong></span> <span class='ocrx_word' id='word_1_191' title='bbox 819 2253 965 2315; x_wconf 85' lang='lat' dir='ltr'><strong>articulari</strong></span> <span class='ocrx_word' id='word_1_192' title='bbox 975 2254 1077 2315; x_wconf 88' lang='lat' dir='ltr'><strong>murbc</strong></span> 
     </span>
    </p>
   </div>
   <div class='ocr_carea' id='block_1_5' title="bbox 40 2336 1172 2418">
    <p class='ocr_par' dir='ltr' id='par_1_9' title="bbox 40 2336 1172 2418">
     <span class='ocr_line' id='line_1_26' title="bbox 40 2336 1172 2418; baseline -0.004 -19"><span class='ocrx_word' id='word_1_193' title='bbox 40 2358 70 2399; x_wconf 75' lang='lat' dir='ltr'><strong>ct</strong></span> <span class='ocrx_word' id='word_1_194' title='bbox 84 2337 173 2417; x_wconf 88' lang='lat' dir='ltr'><strong>perit,</strong></span> <span class='ocrx_word' id='word_1_195' title='bbox 195 2336 325 2416; x_wconf 82' lang='lat' dir='ltr'><strong>sepultus</strong></span> <span class='ocrx_word' id='word_1_196' title='bbox 343 2336 535 2414; x_wconf 64' lang='lat' dir='ltr'><strong>insscipinnis</strong></span> <span class='ocrx_word' id='word_1_197' title='bbox 554 2348 738 2399; x_wconf 84' lang='lat' dir='ltr'><strong>monumento</strong></span> <span class='ocrx_word' id='word_1_198' title='bbox 757 2340 805 2398; x_wconf 86' lang='lat' dir='ltr'><strong>via</strong></span> <span class='ocrx_word' id='word_1_199' title='bbox 819 2337 917 2418; x_wconf 81' lang='lat' dir='ltr'><strong>Appia</strong></span> <span class='ocrx_word' id='word_1_200' title='bbox 931 2340 1004 2398; x_wconf 90' lang='lat' dir='ltr'><strong>intra</strong></span> <span class='ocrx_word' id='word_1_201' title='bbox 1020 2340 1077 2417; x_wconf 89' lang='lat' dir='ltr'><strong>pri·</strong></span> <span class='ocrx_word' id='word_1_202' title='bbox 1160 2350 1172 2375; x_wconf 91' lang='lat'><strong>·</strong></span> 
     </span>
    </p>
   </div>
   <div class='ocr_carea' id='block_1_6' title="bbox 80 2419 1077 2666">
    <p class='ocr_par' dir='ltr' id='par_1_10' title="bbox 80 2419 1077 2666">
     <span class='ocr_line' id='line_1_27' title="bbox 81 2419 1077 2495; baseline -0.002 -15"><span class='ocrx_word' id='word_1_203' title='bbox 81 2419 454 2482; x_wconf 77' lang='lat' dir='ltr'><strong>mumaburbemiliariunn</strong></span> <span class='ocrx_word' id='word_1_204' title='bbox 480 2421 601 2495; x_wconf 81' lang='lat' dir='ltr'><strong>Quidam</strong></span> <span class='ocrx_word' id='word_1_205' title='bbox 616 2440 687 2483; x_wconf 88' lang='lat' dir='ltr'><strong>uasa</strong></span> <span class='ocrx_word' id='word_1_206' title='bbox 684 2426 757 2483; x_wconf 90' lang='lat' dir='ltr'><strong>eins</strong></span> <span class='ocrx_word' id='word_1_207' title='bbox 767 2421 889 2483; x_wconf 80' lang='lat' dir='ltr'><strong>lindiam</strong></span> <span class='ocrx_word' id='word_1_208' title='bbox 899 2440 937 2481; x_wconf 85' lang='lat' dir='ltr'><strong>ex</strong></span> <span class='ocrx_word' id='word_1_209' title='bbox 948 2420 1077 2480; x_wconf 87' lang='lat' dir='ltr'><strong>laniculo</strong></span> 
     </span>
     <span class='ocr_line' id='line_1_28' title="bbox 80 2503 600 2565; baseline 0.002 -1"><span class='ocrx_word' id='word_1_210' title='bbox 80 2503 217 2565; x_wconf 84' lang='lat' dir='ltr'><strong>translata</strong></span> <span class='ocrx_word' id='word_1_211' title='bbox 230 2504 369 2565; x_wconf 86' lang='lat' dir='ltr'><strong>allirmunt</strong></span> <span class='ocrx_word' id='word_1_212' title='bbox 385 2520 416 2563; x_wconf 84' lang='lat' dir='ltr'><strong>c.</strong></span> <span class='ocrx_word' id='word_1_213' title='bbox 431 2511 600 2565; x_wconf 71' lang='lat' dir='ltr'><strong>ceu-589</strong></span> 
     </span>
     <span class='ocr_line' id='line_1_29' title="bbox 145 2584 1076 2666; baseline -0.002 -19"><span class='ocrx_word' id='word_1_214' title='bbox 145 2588 251 2647; x_wconf 74' lang='lat' dir='ltr'><strong>Statius</strong></span> <span class='ocrx_word' id='word_1_215' title='bbox 280 2585 427 2648; x_wconf 76' lang='lat' dir='ltr'><strong>Cucullius</strong></span> <span class='ocrx_word' id='word_1_216' title='bbox 455 2586 667 2647; x_wconf 79' lang='lat' dir='ltr'><strong>comoediarum</strong></span> <span class='ocrx_word' id='word_1_217' title='bbox 690 2589 819 2666; x_wconf 85' lang='lat' dir='ltr'><strong>scriptur</strong></span> <span class='ocrx_word' id='word_1_218' title='bbox 833 2586 929 2647; x_wconf 85' lang='lat' dir='ltr'><strong>clarus</strong></span> <span class='ocrx_word' id='word_1_219' title='bbox 944 2584 1076 2663; x_wconf 88' lang='lat' dir='ltr'><strong>babetur</strong></span> 
     </span>
    </p>
   </div>
   <div class='ocr_carea' id='block_1_7' title="bbox 33 2665 1154 3546">
    <p class='ocr_par' dir='ltr' id='par_1_11' title="bbox 40 2665 1076 2916">
     <span class='ocr_line' id='line_1_30' title="bbox 81 2665 1074 2748; baseline -0.002 -17"><span class='ocrx_word' id='word_1_220' title='bbox 81 2672 197 2731; x_wconf 87' lang='lat' dir='ltr'><strong>natione</strong></span> <span class='ocrx_word' id='word_1_221' title='bbox 214 2665 339 2729; x_wconf 84' lang='lat' dir='ltr'><strong>Insuber</strong></span> <span class='ocrx_word' id='word_1_222' title='bbox 354 2666 457 2729; x_wconf 76' lang='lat' dir='ltr'><strong>Gallae</strong></span> <span class='ocrx_word' id='word_1_223' title='bbox 474 2676 505 2728; x_wconf 89' lang='lat' dir='ltr'><strong>et</strong></span> <span class='ocrx_word' id='word_1_224' title='bbox 517 2668 602 2729; x_wconf 77' lang='lat' dir='ltr'><strong>linnli</strong></span> <span class='ocrx_word' id='word_1_225' title='bbox 616 2672 736 2748; x_wconf 83' lang='lat' dir='ltr'><strong>primum</strong></span> <span class='ocrx_word' id='word_1_226' title='bbox 753 2668 979 2730; x_wconf 80' lang='lat' dir='ltr'><strong>contubernalis.</strong></span> <span class='ocrx_word' id='word_1_227' title='bbox 1008 2668 1074 2743; x_wconf 77' lang='lat' dir='ltr'><strong>Qui·</strong></span> 
     </span>
     <span class='ocr_line' id='line_1_31' title="bbox 40 2750 1076 2832; baseline 0.001 -18"><span class='ocrx_word' id='word_1_228' title='bbox 40 2773 70 2814; x_wconf 83' lang='lat' dir='ltr'><strong>uu</strong></span> <span class='ocrx_word' id='word_1_229' title='bbox 84 2755 149 2815; x_wconf 90' lang='lat' dir='ltr'><strong>dam</strong></span> <span class='ocrx_word' id='word_1_230' title='bbox 167 2751 413 2813; x_wconf 75' lang='lat' dir='ltr'><strong>Mediolanensem</strong></span> <span class='ocrx_word' id='word_1_231' title='bbox 435 2752 539 2812; x_wconf 80' lang='lat' dir='ltr'><strong>terent.</strong></span> <span class='ocrx_word' id='word_1_232' title='bbox 569 2750 701 2815; x_wconf 88' lang='lat' dir='ltr'><strong>llurtuus</strong></span> <span class='ocrx_word' id='word_1_233' title='bbox 721 2761 765 2813; x_wconf 85' lang='lat' dir='ltr'><strong>est</strong></span> <span class='ocrx_word' id='word_1_234' title='bbox 783 2770 857 2814; x_wconf 89' lang='lat' dir='ltr'><strong>annu</strong></span> <span class='ocrx_word' id='word_1_235' title='bbox 873 2762 1076 2832; x_wconf 87' lang='lat' dir='ltr'><strong>postmortem</strong></span> 
     </span>
     <span class='ocr_line' id='line_1_32' title="bbox 77 2835 741 2916; baseline -0.002 -17"><span class='ocrx_word' id='word_1_236' title='bbox 77 2837 165 2899; x_wconf 85' lang='lat' dir='ltr'><strong>Ennii</strong></span> <span class='ocrx_word' id='word_1_237' title='bbox 179 2844 209 2895; x_wconf 86' lang='lat' dir='ltr'><strong>et</strong></span> <span class='ocrx_word' id='word_1_238' title='bbox 222 2838 298 2897; x_wconf 76' lang='lat' dir='ltr'><strong>iuxta</strong></span> <span class='ocrx_word' id='word_1_239' title='bbox 313 2835 468 2896; x_wconf 79' lang='lat' dir='ltr'><strong>laniantum</strong></span> <span class='ocrx_word' id='word_1_240' title='bbox 482 2836 613 2916; x_wconf 84' lang='lat' dir='ltr'><strong>sepultus</strong></span> <span class='ocrx_word' id='word_1_241' title='bbox 627 2854 657 2897; x_wconf 80' lang='lat' dir='ltr'><strong>ct.</strong></span> <span class='ocrx_word' id='word_1_242' title='bbox 673 2844 741 2899; x_wconf 79' lang='lat'><strong><em>575.</em></strong></span> 
     </span>
    </p>

    <p class='ocr_par' dir='ltr' id='par_1_12' title="bbox 78 2919 1073 3169">
     <span class='ocr_line' id='line_1_33' title="bbox 142 2919 1073 3001; baseline 0.003 -19"><span class='ocrx_word' id='word_1_243' title='bbox 142 2919 283 2982; x_wconf 83' lang='lat' dir='ltr'><strong>Pacarius</strong></span> <span class='ocrx_word' id='word_1_244' title='bbox 308 2919 504 2990; x_wconf 87' lang='lat' dir='ltr'><strong>Brundusinns</strong></span> <span class='ocrx_word' id='word_1_245' title='bbox 526 2922 738 2999; x_wconf 80' lang='lat' dir='ltr'><strong>tragoediarum</strong></span> <span class='ocrx_word' id='word_1_246' title='bbox 761 2922 887 3001; x_wconf 85' lang='lat' dir='ltr'><strong>scriptur</strong></span> <span class='ocrx_word' id='word_1_247' title='bbox 914 2922 1010 2983; x_wconf 90' lang='lat' dir='ltr'><strong>clarus</strong></span> <span class='ocrx_word' id='word_1_248' title='bbox 1025 2922 1073 2985; x_wconf 86' lang='lat' dir='ltr'><strong>lra-</strong></span> 
     </span>
     <span class='ocr_line' id='line_1_34' title="bbox 78 3002 1073 3087; baseline 0 -20"><span class='ocrx_word' id='word_1_249' title='bbox 78 3006 180 3079; x_wconf 88' lang='lat' dir='ltr'><strong>betur‚</strong></span> <span class='ocrx_word' id='word_1_250' title='bbox 201 3002 285 3066; x_wconf 85' lang='lat' dir='ltr'><strong>Ennii</strong></span> <span class='ocrx_word' id='word_1_251' title='bbox 306 3012 414 3083; x_wconf 84' lang='lat' dir='ltr'><strong>poetae</strong></span> <span class='ocrx_word' id='word_1_252' title='bbox 435 3020 472 3065; x_wconf 82' lang='lat' dir='ltr'><strong>ex</strong></span> <span class='ocrx_word' id='word_1_253' title='bbox 494 3003 553 3065; x_wconf 81' lang='lat' dir='ltr'><strong>blla</strong></span> <span class='ocrx_word' id='word_1_254' title='bbox 575 3022 683 3084; x_wconf 81' lang='lat' dir='ltr'><strong>nepus,</strong></span> <span class='ocrx_word' id='word_1_255' title='bbox 704 3005 834 3084; x_wconf 86' lang='lat' dir='ltr'><strong>vixitque</strong></span> <span class='ocrx_word' id='word_1_256' title='bbox 850 3003 960 3067; x_wconf 85' lang='lat' dir='ltr'><strong>Rornae</strong></span> <span class='ocrx_word' id='word_1_257' title='bbox 977 3008 1073 3087; x_wconf 90' lang='lat' dir='ltr'><strong>quoad</strong></span> 
     </span>
     <span class='ocr_line' id='line_1_35' title="bbox 78 3086 1073 3169; baseline 0.003 -22"><span class='ocrx_word' id='word_1_258' title='bbox 78 3089 219 3169; x_wconf 85' lang='lat' dir='ltr'><strong>picturam</strong></span> <span class='ocrx_word' id='word_1_259' title='bbox 241 3088 373 3148; x_wconf 82' lang='lat' dir='ltr'><strong>exercuit</strong></span> <span class='ocrx_word' id='word_1_260' title='bbox 393 3105 430 3150; x_wconf 88' lang='lat' dir='ltr'><strong>ac</strong></span> <span class='ocrx_word' id='word_1_261' title='bbox 449 3086 562 3149; x_wconf 81' lang='lat' dir='ltr'><strong>fabulas</strong></span> <span class='ocrx_word' id='word_1_262' title='bbox 583 3089 755 3165; x_wconf 79' lang='lat' dir='ltr'><strong>venditarit,</strong></span> <span class='ocrx_word' id='word_1_263' title='bbox 788 3088 892 3152; x_wconf 88' lang='lat' dir='ltr'><strong>deinde</strong></span> <span class='ocrx_word' id='word_1_264' title='bbox 919 3091 1073 3152; x_wconf 79' lang='lat' dir='ltr'><strong>Tarentum</strong></span> 
     </span>
    </p>

    <p class='ocr_par' dir='ltr' id='par_1_13' title="bbox 40 3172 1004 3251">
     <span class='ocr_line' id='line_1_36' title="bbox 40 3172 1004 3251; baseline 0.004 -20"><span class='ocrx_word' id='word_1_265' title='bbox 40 3190 68 3231; x_wconf 81' lang='lat' dir='ltr'><strong>su</strong></span> <span class='ocrx_word' id='word_1_266' title='bbox 79 3182 280 3249; x_wconf 82' lang='lat' dir='ltr'><strong>transgressus</strong></span> <span class='ocrx_word' id='word_1_267' title='bbox 295 3185 390 3251; x_wconf 70' lang='lat' dir='ltr'><strong>prope</strong></span> <span class='ocrx_word' id='word_1_268' title='bbox 404 3174 616 3250; x_wconf 75' lang='lat' dir='ltr'><strong>nonagenarius</strong></span> <span class='ocrx_word' id='word_1_269' title='bbox 631 3174 706 3235; x_wconf 88' lang='lat' dir='ltr'><strong>diem</strong></span> <span class='ocrx_word' id='word_1_270' title='bbox 721 3172 792 3234; x_wconf 90' lang='lat' dir='ltr'><strong>obiit</strong></span> <span class='ocrx_word' id='word_1_271' title='bbox 807 3192 836 3235; x_wconf 86' lang='lat' dir='ltr'><strong>u.</strong></span> <span class='ocrx_word' id='word_1_272' title='bbox 854 3184 920 3238; x_wconf 80' lang='lat' dir='ltr'><strong>odo.</strong></span> <span class='ocrx_word' id='word_1_273' title='bbox 939 3184 1004 3237; x_wconf 78' lang='lat'><em>601.</em></span> 
     </span>
    </p>

    <p class='ocr_par' dir='ltr' id='par_1_14' title="bbox 77 3255 1154 3546">
     <span class='ocr_line' id='line_1_37' title="bbox 143 3255 1072 3339; baseline 0.002 -24"><span class='ocrx_word' id='word_1_274' title='bbox 143 3255 174 3315; x_wconf 92' lang='lat' dir='ltr'><strong>P.</strong></span> <span class='ocrx_word' id='word_1_275' title='bbox 192 3255 343 3317; x_wconf 81' lang='lat' dir='ltr'><strong>Terentius</strong></span> <span class='ocrx_word' id='word_1_276' title='bbox 364 3255 616 3334; x_wconf 81' lang='lat' dir='ltr'><strong>Karthaginiensis</strong></span> <span class='ocrx_word' id='word_1_277' title='bbox 637 3257 850 3321; x_wconf 87' lang='lat' dir='ltr'><strong>comoediarum</strong></span> <span class='ocrx_word' id='word_1_278' title='bbox 864 3261 1006 3339; x_wconf 75' lang='lat' dir='ltr'><strong>scriptur,</strong></span> <span class='ocrx_word' id='word_1_279' title='bbox 1034 3256 1072 3319; x_wconf 91' lang='lat' dir='ltr'><strong>ob</strong></span> 
     </span>
     <span class='ocr_line' id='line_1_38' title="bbox 33 3339 1154 3421; baseline 0.003 -22.123"><span class='ocrx_word' id='word_1_280' title='bbox 33 3342 223 3417; x_wconf 76' lang='lat' dir='ltr'><strong>ingenium</strong></span> <span class='ocrx_word' id='word_1_281' title='bbox 241 3348 270 3400; x_wconf 89' lang='lat' dir='ltr'><strong>st</strong></span> <span class='ocrx_word' id='word_1_282' title='bbox 291 3339 413 3401; x_wconf 82' lang='lat' dir='ltr'><strong>formans</strong></span> <span class='ocrx_word' id='word_1_283' title='bbox 428 3340 562 3403; x_wconf 83' lang='lat' dir='ltr'><strong>libertate</strong></span> <span class='ocrx_word' id='word_1_284' title='bbox 584 3340 722 3421; x_wconf 89' lang='lat' dir='ltr'><strong>dunatus,</strong></span> <span class='ocrx_word' id='word_1_285' title='bbox 745 3344 774 3401; x_wconf 92' lang='lat' dir='ltr'><strong>in</strong></span> <span class='ocrx_word' id='word_1_286' title='bbox 787 3343 914 3404; x_wconf 76' lang='lat' dir='ltr'><strong>Arcadia</strong></span> <span class='ocrx_word' id='word_1_287' title='bbox 937 3342 1071 3409; x_wconf 79' lang='lat' dir='ltr'><strong>moritur:</strong></span> <span class='ocrx_word' id='word_1_288' title='bbox 1150 3340 1154 3347; x_wconf 78' lang='grc'><strong>“</strong></span> 
     </span>
     <span class='ocr_line' id='line_1_39' title="bbox 79 3422 1071 3546; baseline 0.002 -63"><span class='ocrx_word' id='word_1_289' title='bbox 79 3423 129 3503; x_wconf 79' lang='lat' dir='ltr'><strong>qui</strong></span> <span class='ocrx_word' id='word_1_290' title='bbox 144 3424 261 3502; x_wconf 81' lang='lat' dir='ltr'><strong>primam</strong></span> <span class='ocrx_word' id='word_1_291' title='bbox 271 3423 408 3489; x_wconf 73' lang='lat' dir='ltr'><strong>Andriam</strong></span> <span class='ocrx_word' id='word_1_292' title='bbox 438 3433 590 3507; x_wconf 75' lang='lat' dir='ltr'><strong>anteqmm</strong></span> <span class='ocrx_word' id='word_1_293' title='bbox 608 3428 751 3491; x_wconf 87' lang='lat' dir='ltr'><strong>aedilibus</strong></span> <span class='ocrx_word' id='word_1_294' title='bbox 767 3422 923 3546; x_wconf 55' lang='lat' dir='ltr'><strong>venderet,</strong></span> <span class='ocrx_word' id='word_1_295' title='bbox 942 3424 1071 3487; x_wconf 79' lang='lat' dir='ltr'><strong>Caecilio</strong></span> 
     </span>
    </p>
   </div>
   <div class='ocr_carea' id='block_1_8' title="bbox 0 0 1242 3775">
    <p class='ocr_par' dir='ltr' id='par_1_15' title="bbox 0 0 1242 3775">
     <span class='ocr_line' id='line_1_40' title="bbox 0 0 1242 3775; baseline 0 5"><span class='ocrx_word' id='word_1_296' title='bbox 0 0 1242 3775; x_wconf 95' lang='lat' dir='ltr'><strong> </strong></span> 
     </span>
    </p>
   </div>
  </div>
 </body>
</html>
