2475 3775
135 123 195 186 1⁰4
213 133 243 184 0·
262 131 412 183 sueuortt
426 132 553 193 umato.
568 133 617 180 DE
630 133 714 182 VITA
729 129 911 182 CAESARUM
926 117 1061 216 iamin.
1107 188 1111 193 .

131 290 321 373 provinciam,
336 286 420 348 alteri
433 287 647 369 praefecturam
662 286 742 349 urbis
755 287 907 350 confestim
920 287 1033 368 detulit,
1048 291 1125 364 coeli,-

20 411 28 414 -
69 410 77 432 ,
132 376 208 437 cillis
228 391 345 455 quoque
364 372 585 433 iucundissimos
606 383 636 433 et
654 373 777 433 omnium
790 371 923 434 horarum
939 375 1049 436 amicos
1061 392 1126 453 pro·

130 461 235 521 lessus.
267 459 363 519 Sestio
378 455 480 535 Gallo,
504 456 659 517 libidinoso
683 473 718 516 ac
745 455 871 536 prodigo
897 459 976 535 seni,
1004 459 1071 519 olim
1090 459 1126 520 ab

127 544 261 622 Augusto
282 543 438 620 ignominia
458 549 558 602 notato
578 550 607 600 et
624 559 640 600 a
655 558 687 600 sc
702 549 769 600 ante
786 557 897 620 paucos
911 540 975 602 dies
992 540 1067 622 apud
1081 562 1125 621 eess

127 634 222 690 natum
235 627 389 706 increpito,
404 643 522 686 caenam
534 642 568 685 ca
581 625 659 701 lege
666 624 803 701 condixit,
818 643 855 685 nc
870 624 937 705 quid
952 645 990 687 ex
1005 643 1125 689 consue·
1134 646 1147 686 s

127 713 223 774 tudine
238 713 405 770 immutaret
420 719 467 768 aut
481 707 627 786 demeret,
648 717 736 787 utque
751 670 835 768 nudis
849 710 954 789 puellis
968 711 1125 772 ministran-
1213 731 1221 750 ι

127 797 202 859 tibus
213 803 393 856 coenaretur.
408 791 621 870 lgnotissimum
631 801 803 892 quaesturae
817 793 997 856 candidatum
1009 794 1126 858 nobilis·

127 883 205 942 simis
224 879 389 957 anteposuit
404 875 442 943 ob
459 879 597 958 epotam
588 896 617 937 ru
635 877 785 954 convivio,
810 881 982 958 propinante
997 896 1047 956 se,
1070 881 1126 940 vini

128 985 191 1044 amp
192 963 302 1025 boram.
346 961 461 1022 Asellio
486 961 595 1022 Sabino
622 963 758 1022 sestertia
784 962 907 1028 ducenta
930 962 1048 1024 donavit
1073 981 1126 1043 pro

127 1049 264 1124 dialogo,
288 1045 316 1104 in
338 1062 396 1125 quo
411 1044 503 1106 boleti
515 1054 544 1105 ct
555 1046 698 1107 licedulae
713 1055 743 1106 et
759 1055 876 1108 ostreae
892 1056 921 1108 ct
940 1046 1015 1111 turdi
1034 1057 1125 1109 certa·
1135 1064 1160 1108 so

126 1150 192 1192 meu
205 1129 366 1194 induxerat.
394 1128 508 1189 Novum
522 1129 646 1210 denique
661 1131 811 1191 oiiicium'
803 1132 923 1194 instituit
942 1149 959 1193 a
973 1131 1126 1212 voluptat1

19 1272 26 1293 Ι
86 1214 377 1293 rebus,praeposito
394 1213 587 1294 equitele‘
607 1214 752 1276 Caesonio
767 1214 880 1276 Prisco.
913 1217 1126 1286 Secessuvero

127 1297 287 1379 Caprecnsi
307 1300 392 1358 etiam
413 1297 531 1370 sellaria
550 1300 748 1377 excogitavit,
767 1283 866 1360 sedem
881 1317 1049 1360 arcanarum
1063 1299 1126 1360 libi·

127 1382 266 1459 diuum,
257 1400 294 1441 ιιι
301 1399 385 1461 quam
398 1381 523 1460 undique
537 1384 709 1462 conquisiti,
724 1383 883 1463 puellarum
897 1393 928 1444 et
944 1384 1127 1444 exoletorum

127 1485 238 1546 greges
253 1467 469 1544 monstrosique
491 1467 662 1529 concubitus
682 1476 866 1548 repertores,
896 1485 970 1547 quos
991 1469 1128 1548 spintrias
1138 1481 1160 1522 re

127 1549 309 1650 appellabat,
330 1550 437 1630 triplici
452 1551 529 1613 serie
545 1553 665 1628 conexi,
688 1551 717 1612 in
731 1551 824 1612 vicem
836 1551 1014 1612 incestarent
1029 1568 1128 1612 coram

126 1639 209 1716 ipso,
224 1642 255 1694 ut
269 1643 389 1714 aspectu
400 1633 562 1697 deficientis
578 1636 713 1697 libidines
725 1635 877 1700 excitaret
908 1634 1047 1697 Cubicula
1063 1634 1127 1714 plu·

125 1719 252 1780 ritariam
273 1718 415 1798 disposite
431 1714 548 1780 tabellis
562 1738 598 1782 ιο
612 1720 718 1799 sigillis
734 1719 986 1782 lasciuissimarum
1002 1720 1126 1800 pictura·

124 1821 186 1866 rum
206 1812 236 1864 et
258 1803 412 1881 figurarum
422 1803 580 1865 adornavit
600 1804 743 1886 librisque
759 1803 961 1886 Elephantidis
982 1803 1126 1882 instruxit,

123 1908 161 1950 ne
177 1889 222 1949 cui
233 1889 262 1949 in
276 1906 369 1969 opera
384 1888 495 1951 edenda
508 1889 682 1969 exemplar
673 1898 830 1969 imperatae
846 1888 982 1949 schemae
997 1888 1125 1949 deesset.
1135 1902 1161 1945 ao

124 1972 157 2033 ln
177 1973 259 2033 silvis
281 1990 398 2054 quoquc
420 1991 456 2035 ac
478 1973 645 2034 nemoribus
664 1976 770 2053 passim
786 1974 930 2035 Venerios
947 1972 1032 2042 locos
1047 1989 1125 2033 com·

124 2065 236 2116 meutus
251 2066 311 2134 est,
330 2057 544 2137 prostantisque
559 2075 613 2137 per
626 2066 706 2117 antra
721 2067 750 2117 et
765 2068 852 2119 cavas
866 2075 955 2137 rupes
971 2074 1008 2119 ex
1022 2058 1125 2118 utrius·

125 2156 181 2218 que
212 2155 301 2198 sexus
324 2139 400 2219 pube
425 2138 612 2201 Paniscorum
636 2139 880 2220 etNympbarum
904 2140 1018 2218 babitu,
1050 2156 1126 2219 quae

123 2221 288 2366 palumbinm
300 2230 329 2282 et
343 2223 449 2301 vulgo,
463 2225 579 2286 nomine
589 2225 702 2286 insulae
717 2224 884 2303 abutentes,
903 2222 1126 2304 Caprineum

143 2306 222 2365 ictita
243 2312 299 2366 ant.
1134 2325 1161 2367 ιι

81 2391 117 2443 44
184 2388 295 2451 blaiore
308 2387 402 2451 adbuc
412 2406 452 2451 ac
465 2390 597 2471 turpiore
612 2392 726 2454 iniamia
741 2392 890 2472 flagravit,
911 2392 962 2453 vix
975 2398 1005 2451 ut
1019 2390 1127 2451 referri

125 2474 272 2552 audirive,
290 2474 394 2535 nedum
418 2473 498 2537 credi
518 2474 563 2537 las
584 2478 636 2553 sit,
659 2480 741 2557 quasi
763 2496 873 2558 pueros
893 2478 1003 2557 primae
1017 2476 1127 2535 teneri·

64 2594 71 2612 ·
124 2559 248 2638 tudinis,
265 2576 338 2639 quoe
361 2558 521 2639 pisciculos
537 2559 679 2639 vocabat,
702 2562 879 2639 institueret,
901 2569 931 2621 ut
945 2561 1053 2620 natanti
1068 2558 1127 2619 sibi

124 2646 199 2704 inter
212 2644 317 2706 femina
330 2653 517 2705 versarentur
529 2661 566 2704 ac
579 2643 712 2706 luderent
712 2636 830 2723 ,lingua
844 2662 1000 2725 morsuque
1016 2644 1128 2705 sensim

122 2725 308 2806 adpetentem
334 2738 421 2808 atque
446 2730 532 2789 etiam
558 2728 641 2807 quasi
667 2729 790 2790 infantes
813 2730 974 2805 iirmiores,
1001 2728 1165 2789 necdumao

123 2818 218 2869 minen
235 2810 312 2872 lacta
329 2812 485 2891 depulsos,
507 2813 617 2891 inguini
631 2830 686 2873 ceu
702 2812 829 2892 papillae
848 2774 1032 2882 admov'eret3
1054 2828 1173 2891 pro·

123 2894 188 2953 nior
208 2911 277 2955 sane
300 2895 337 2955 ad
358 2895 387 2956 id
407 2914 501 2973 genus
520 2895 646 2957 libidinis
669 2905 699 2956 et
719 2905 819 2958 natura
839 2907 868 2958 et
890 2905 994 2959 aetate.
1025 2896 1128 2971 Quare

123 2975 237 3036 Parrasi
252 2995 368 3057 quoque
382 2979 547 3057 tabulam,
538 3000 566 3041 ιι
583 2998 639 3060 qua
653 2980 804 3059 ltlcleagro
819 2980 955 3041 Atalanta
968 2996 1020 3039 ore
1035 2980 1128 3040 mori·

123 3068 256 3137 geratur,
272 3060 398 3138 legatum
412 3062 466 3124 sibi
480 3064 534 3125 sub
546 3064 734 3142 conditione,
755 3073 786 3125 ut
801 3067 827 3125 si
842 3071 1013 3143 argumento
1031 3064 1128 3123 offen·

123 3141 240 3204 deretur
250 3144 349 3205 decies
361 3162 415 3224 pro
428 3163 463 3207 ea
475 3148 803 3229 sestertiumncciperet,
811 3167 868 3210 non
878 3146 965 3209 modo
975 3146 1167 3225 praetulitas

123 3226 176 3289 sed
202 3229 260 3289 et
251 3246 279 3288 ιιι
302 3227 436 3289 cubiculo
461 3229 615 3292 dedicavit.
648 3232 751 3293 Fertur
773 3234 887 3295 etiam
879 3251 908 3293 ιιι
928 3230 1129 3292 sacrificando

123 3313 265 3391 quondam
281 3320 383 3391 captus
399 3311 475 3373 facie
490 3309 609 3375 ministri
627 3332 756 3375 acerram
773 3316 966 3396 praeferentis
984 3316 1130 3395 nequisse

123 3395 284 3474 abstinere,
303 3396 370 3475 quin
385 3412 479 3476 paene
494 3396 610 3458 vixdum
627 3416 660 3459 re
673 3398 767 3461 divine
777 3408 897 3482 peracta
908 3397 1015 3504 ibidem
1026 3401 1130 3461 statim

206 3690 226 3727 k
