2475 3775
220 170 309 218 XVIII
562 168 767 217 PRAEFATIO.

223 326 307 385 aione
321 328 356 384 ab
370 325 454 383 initio
468 326 629 383 mutilatum.
673 327 706 382 ld
719 327 871 399 exemplar,
889 332 1083 385 conservatum
1098 334 1129 385 ut

124 440 127 447 ·
223 426 278 482 ego
301 410 431 469 existimo
451 410 485 465 iu
505 408 658 466 Francia
681 410 881 481 imperante
907 409 1038 468 carolo
1058 412 1127 472 lta-

222 508 309 565 gno‚
328 509 382 566 quo
407 492 534 565 principe
562 497 688 547 veterum
707 492 861 549 litterarum
886 509 987 550 novum
1006 495 1128 552 studium

223 578 345 647 exarsit,
367 574 558 646 multiplicatis
575 575 712 648 exemplis
727 576 851 632 describi
865 583 1009 650 coeptum,
1029 594 1128 634 eorum

223 674 294 732 quae
322 660 356 715 ad
386 673 437 714 nos
458 664 646 731 pervenerunt
673 658 793 715 omniurn
818 659 969 715 communis
988 660 1072 731 origo
1098 667 1128 716 et

222 743 301 815 quasi
323 758 424 816 purens
444 741 545 797 lectum
561 748 612 797 eat.
656 742 754 813 ltaque
776 744 892 799 saeculo
908 738 1015 816 nono⁶)
1037 744 1127 816 prime

220 831 286 898 post
301 821 494 895 migrationem
508 824 632 894 gentium
651 824 828 896 reperiuntur
842 825 964 895 vestigia
979 827 1075 898 operis
1090 826 1126 883 de

220 907 277 965 vita
294 906 443 965 Gaesarem
456 908 524 965 lecti
541 912 570 963 et
584 908 612 962 in
630 924 708 965 asum
721 908 861 965 conversi.
892 904 928 963 m
944 902 1126 967 circiter'an-

220 1008 283 1048 unm
301 991 410 1063 quidem
423 998 476 1051 830
489 990 690 1047 Einhardus
706 991 735 1047 in
749 1007 865 1049 recessu
883 990 1127 1063 Seligeustadensi

219 1075 248 1131 in
263 1076 336 1132 saltn
352 1074 504 1132 Odanwald
522 1072 607 1130 vitam
623 1073 717 1131 Caroli
730 1075 823 1146 lingui
845 1076 1032 1149 conscripsit,
1053 1076 1126 1133 Sue·

218 1158 290 1214 tonii
312 1157 479 1214 Caesaribus
508 1162 537 1213 et
566 1158 720 1230 praecipue
747 1157 810 1215 ltivi
835 1158 956 1229 Augusti
971 1161 1043 1217 ›vita
1071 1165 1126 1215 um

219 1247 432 1311 amanuenses,
456 1246 487 1295 ut
506 1254 562 1296 non
575 1242 658 1297 modo
674 1256 782 1297 omnem
796 1241 886 1297 libelli
906 1242 1126 1315 descriptionem

220 1326 271 1382 sed
287 1324 370 1381 etiarn
385 1323 511 1395 integras
525 1324 600 1381 baud
615 1340 681 1381 raro
698 1325 851 1382 sententias
866 1324 933 1381 inde
948 1325 1125 1397 repetiverit,

220 1412 248 1465 et
269 1424 487 1478 nonnumquam,
507 1411 538 1461 nt
557 1407 611 1463 iam
626 1406 805 1464 Gasaubonns
828 1407 976 1479 iudicavit,
1000 1408 1125 1465 imitandi

218 1492 312 1549 studio
339 1507 406 1549 suae
435 1490 574 1547 historiae
599 1490 746 1547 'veritatem
772 1496 967 1559 transgressus
995 1508 1060 1548 esse
1082 1491 1125 1547 vi-

219 1575 327 1631 deatur.
376 1572 481 1629 Eodem
507 1572 622 1629 saeculo
647 1572 722 1628 vlltt
752 1573 844 1630 medio
874 1571 1009 1628 Servatus
1034 1574 1126 1645 Lupus

219 1658 301 1730 epist.
323 1664 356 1717 91
382 1673 409 1728 p.
433 1659 483 1716 137
509 1655 554 1711 ed.
577 1656 670 1711 Belun.
696 1654 857 1711 Suetonium
876 1654 1065 1725 Tranquillum
1089 1656 1126 1711 de

217 1740 275 1798 vitu
292 1738 457 1809 (laesurum,
478 1739 525 1811 qui
545 1739 618 1810 apud
632 1737 786 1794 Fuldeoses
804 1737 918 1794 indues
936 1754 989 1793 nec
1009 1754 1126 1810 megum

218 1821 333 1881 codices
351 1822 458 1880 divisus
475 1827 611 1892 exstaret,
626 1821 681 1877 sibi
697 1820 767 1876 mitti
780 1820 874 1891 iussit,
890 1821 1019 1893 quoniam
1029 1822 1059 1879 iu
1075 1839 1125 1879 sna
1231 1845 1233 1857 ·

218 1907 362 1966 vicinitate
383 1904 452 1982 (luit
476 1911 566 1964 autem
589 1907 677 1962 abbas
698 1906 845 1962 Ferrariae
864 1905 1040 1962 indioecesi
1061 1904 1125 1962 Gal-

218 1991 274 2048 liae
290 1988 582 2065 senonensi)'nnllum
596 1988 770 2046 inveniretur
784 1988 949 2058 exemplum.
981 1989 1124 2045 Posbemo

219 2080 348 2145 superest
362 2073 448 2128 bodie
462 2089 573 2143 quoque
590 2070 767 2127 ltemmianus
781 2070 873 2126 codex
887 2070 1007 2128 omnium
1020 2073 1068 2143 qui
1081 2071 1125 2128 iu·

218 2154 294 2211 venti
309 2160 373 2211 sunt
394 2161 422 2210 et
436 2153 644 2225 antiquissimus
660 2152 838 2224 cleptim,
859 2154 907 2225 qui
923 2171 995 2210 nnnc
1009 2154 1125 2212 Parisiis

219 2242 382 2294 asservatur
404 2253 519 2294 numere
542 2241 611 2296 6115
634 2235 798 2308 distinctus,
828 2237 880 2292 sed
901 2238 968 2294 olim
987 2239 1016 2294 in
1036 2239 1124 2294 Turo-

219 2320 300 2377 nensi
314 2321 343 2378 S.
355 2319 466 2376 Martini
485 2319 625 2376 coenobio
639 2319 752 2375 Alonini
767 2319 894 2378 doctrina
908 2322 1056 2378 nobilitato
1073 2337 1124 2378 ex·

218 2404 326 2473 stabat,
344 2403 459 2460 saeculo
474 2401 550 2460 Villi
565 2408 685 2459 exeunte
700 2402 830 2476 scriptus.

277 2487 485 2567 Insequentinm
504 2486 673 2558 scriptorum
692 2485 770 2556 digni
794 2493 859 2544 sunt
878 2487 925 2558 qui
945 2493 1060 2559 propter
1080 2487 1123 2544 le-

219 2568 406 2628 miliaritatcm
432 2568 560 2625 Suetonii
584 2569 760 2631 nominentur
786 2571 905 2627 munuca
924 2568 1124 2626 Saresberien-

218 2655 258 2709 sis
288 2653 316 2709 in
345 2653 522 2734 Policratioo·
535 2651 564 2709 S.
587 2651 656 2722 xil,
681 2652 845 2710 Vincentius
864 2652 1072 2726 bellovacensis
1094 2653 1124 2708 in

215 2761 419 2778 ——n--r-

217 2822 283 2880 etp.
305 2815 362 2876 105,
381 2818 416 2866 24
433 2817 477 2866 ubi
495 2817 522 2865 in
539 2814 691 2866 Memmiuno
704 2817 767 2865 libro
782 2818 818 2867 sie
836 2816 968 2866 scribitur:

454 2899 573 2936 ancorum
586 2893 731 2938 senatorem
748 2887 803 2935 iao-

453 2955 480 3002 P
487 2956 535 3018 pia
551 2959 598 3002 etc.

216 3019 270 3069 llllc
286 3020 413 3084 integrum
431 3021 596 3083 vocabulum,
613 3021 655 3070 bic
672 3034 748 3069 unam
768 3019 876 3068 litteram
891 3019 974 3084 primo
990 3018 1046 3067 loco
1063 3031 1124 3067 ver·
1219 3034 1220 3069 l

216 3088 288 3138 siculi
305 3095 399 3137 motem
416 3089 531 3138 arbitror.
775 3122 777 3125 -
1218 3126 1219 3143 1

284 3155 314 3219 6)
327 3155 438 3205 Maxime
455 3156 566 3206 notabile
584 3163 623 3206 eet
638 3156 744 3206 Paulum
756 3156 896 3206 Diaconum
913 3155 1028 3206 Suetonii
1044 3153 1121 3220 plane
1217 3148 1219 3211 J

215 3225 442 3289 ignammvideri3
461 3223 537 3288 (bist.
557 3225 680 3284 misob,
700 3223 742 3276 16.
763 3224 794 3285 7,
817 3223 861 3278 20.
884 3225 915 3284 9,
937 3227 954 3274 2
977 3240 1010 3274 ex
1031 3221 1122 3273 Orosio

214 3291 354 3356 descripta)
371 3306 454 3356 neque
473 3294 540 3342 euim
558 3293 644 3343 dubito
663 3293 723 3355 quin
738 3293 760 3342 si
779 3292 847 3343 hunc
863 3293 993 3354 uouisset,
1019 3294 1046 3340 in
1061 3304 1122 3339 cou-
1216 3288 1217 3295 ’

214 3361 366 3412 sarciuauda
387 3375 434 3411 sua
451 3375 517 3411 auno
539 3361 636 3411 circiter
656 3359 707 3411 780
723 3360 835 3413 Historia
851 3361 964 3411 bliscella
979 3360 1121 3410 uberrimos

213 3428 273 3479 binc
290 3428 388 3481 fructus
408 3429 584 3496 decerpsisset.
