2475 3775
134 122 178 184 so
220 131 250 181 c.
266 108 415 231 suunpnu
429 132 555 193 murro.
569 131 619 181 nn
632 133 714 180 vrrs
729 132 909 182 onnsnauu
921 131 989 180 nur.
1001 131 1053 183 111.

136 302 205 348 mor
217 287 349 366 desedi,
370 295 401 348 et
412 285 560 367 aliqum
573 287 708 364 pavus,
730 295 762 346 ut
779 287 863 346 etiam
883 278 1026 365 perpetuo
1045 279 1127 348 secu·

95 414 99 423 ι
135 371 235 449 haret,
251 373 413 453 intercepto
428 372 584 432 communis
600 371 642 430 tili
657 373 796 450 pignore,
818 371 866 449 qni
879 369 1030 448 Aquileiae
1044 377 1129 432 natus

135 456 228 518 intutu
249 457 392 516 exunctus
418 463 472 516 est.
513 453 636 517 Drusum
660 455 777 514 iratrern
800 455 829 514 iu
850 453 1002 514 Germania
1025 455 1129 532 amisit,

136 541 216 600 cuius
231 557 351 619 corpus,
373 538 495 619 pedibus
509 547 571 599 toto
585 540 687 598 itinere
703 533 927 617 praegrediens,
944 538 1066 600 Jitonun
1082 557 1133 605 us·x

136 640 192 702 que
208 623 351 702 pervexit.
462 657 465 662 ·
697 696 699 698 Ι
967 677 970 686 ,
1139 639 1151 677 s

106 727 127 782 3
196 706 329 769 Ciuilium
342 702 504 767 'ciliciorum
524 703 689 766 rudimentis
704 721 806 782 regern
821 701 994 766 Archelaum
1010 703 1129 766 Trallia-

89 858 97 874 V,
135 811 192 854 nos
203 801 234 852 et
247 788 421 866 Thessalos,
442 791 668 869 variacpmsque
688 789 843 867 derauso,
865 788 998 868 Augusto
1020 805 1129 866 cogno

136 882 238 939 scente
249 873 390 941 delendit;
406 891 461 952 pro
472 872 641 934 Laodicenis
653 872 833 948 Thyatirenis
845 871 932 950 Chiis,
945 881 1041 932 terrae
1051 881 1131 932 motu

137 961 251 1022 nlilictis
261 974 405 1037 opemque
418 956 644 1036 implorantibus,
657 966 784 1018 senatum
797 957 970 1036 deprecatus
982 965 1040 1026 est;
1055 955 1129 1016 Fan·
1151 983 1157 996 ·

136 1047 212 1105 nium
224 1040 474 1120 Caepionem-qui
486 1058 550 1100 cnm
563 1042 697 1102 Varrone
711 1039 829 1102 Murena
842 1043 870 1102 in
884 1039 1042 1117 Augustum
1058 1053 1127 1098 con·
1138 1055 1164 1096 rc

48 1158 50 1161 ·
137 1129 315 1206 spiraverat,
335 1142 415 1184 rcum
431 1125 586 1185 maiestatis
604 1125 681 1204 upud
699 1123 808 1184 iudices
828 1124 899 1184 iecit
915 1133 945 1184 ct
959 1122 1128 1184 condemna·

136 1213 187 1289 vit.
218 1206 355 1288 interque
378 1208 451 1268 haec
471 1207 614 1286 duplicem
635 1226 732 1268 curam
756 1208 971 1286 administravit,
999 1223 1130 1270 annones

137 1313 210 1374 quae
224 1293 314 1354 artior
327 1290 482 1369 inciderat,
497 1301 527 1352 et
540 1292 788 1370 repurgandorum
800 1293 862 1352 'tota
876 1291 958 1352 ltalia
969 1289 1129 1368 ergastulo·

136 1396 208 1454 rum,
223 1393 343 1456 quorum
357 1376 462 1437 domini
474 1378 503 1435 iu
515 1375 649 1436 iuvidiam
663 1384 803 1436 venerant
816 1377 896 1454 quasi
912 1379 1052 1454 exceptos
1063 1391 1129 1452 sup·

136 1464 310 1542 primorem,
331 1464 392 1520 'non
404 1459 495 1521 solum
508 1461 636 1520 viatores
650 1459 702 1520 sed
722 1469 751 1520 et
765 1477 837 1539 quos
853 1459 1022 1520 sacrementi
1036 1466 1129 1517 metus
1139 1477 1161 1518 rs

41 1582 45 1590 =
137 1545 173 1607 ud
187 1547 249 1606 eius
263 1543 341 1604 modi
355 1543 481 1604 latebras
497 1543 693 1622 compulisset.

108 1643 127 1698 9
148 1667 156 1673 -
183 1616 348 1707 ¹Stipendia
363 1629 453 1710 prima
473 1624 659 1706 expeditione
677 1625 848 1689 Cantabrica
866 1625 997 1687 tribunus
1013 1619 1130 1706 militurn

136 1713 221 1790 lecit,
240 1711 307 1772 dein
320 1711 407 1772 ducto
418 1709 456 1772 ad
472 1710 619 1771 Orientem
634 1713 763 1771 exercitu
779 1711 1067 1788 regnum-Armeniae
1083 1709 1130 1770 ii-

112 1807 121 1815 ·
136 1799 220 1875 grani
233 1798 357 1856 restituit
371 1813 406 1856 uc
420 1812 475 1876 pro
487 1793 620 1855 tribunali
634 1794 763 1855 diadema
777 1790 920 1874 imposuit.
963 1793 1089 1874 Recepit
1101 1800 1132 1851 et

137 1879 237 1959 signa,
251 1899 326 1959 quae
340 1879 378 1941 ll.
392 1877 500 1942 Crasso
514 1878 681 1941 ademerant
694 1878 800 1940 Parthi.
828 1878 901 1940 Post
912 1877 968 1941 lucc
982 1873 1163 1938 (locustarum

136 1965 257 2027 Galliam
271 1982 345 2025 auno
358 1964 526 2041 temerarit,
543 1973 574 2023 et
587 1962 773 2024 barbarorum
785 1962 997 2024 ‘incursionibus
1011 1969 1042 2021 et
1052 1962 1129 2039 prin·

137 2049 232 2126 cipum
257 2046 401 2111 discordia
424 2050 585 2126 inquietam.
604 2073 615 2089 ‚
629 2047 703 2107 lirin
725 2046 873 2131 Raeticum
892 2044 1130 2123 Vindelicumque
1220 2102 1221 2119 2

136 2131 339 2207 bellum‚'inde
353 2130 557 2207 Pannonicum,
572 2130 638 2190 inde
655 2130 850 2191 Germanicum
864 2132 966 2207 gessit.
1007 2128 1130 2189 liaetico
1220 2132 1221 2197 i

122 2219 223 2292 atque
238 2213 390 2273 Vindelico
404 2213 500 2289 gentis
509 2213 640 2292 Alpinas,
653 2214 816 2275 Pannonico
832 2214 960 2273 Breucos
975 2220 1004 2273 ct
1016 2211 1130 2272 Dalma·
1220 2208 1221 2247 l

110 2298 114 2312 i
137 2306 182 2357 tas
197 2296 328 2372 subegit,
351 2294 521 2357 Germanico
536 2297 724 2375 quadraginta
739 2296 816 2357 milia
831 2296 1027 2357 dediticiorum
1044 2296 1131 2355 traie·
1140 2315 1164 2355 ss

137 2382 177 2443 cit
193 2382 222 2441 iu
236 2378 356 2442 Galliam
368 2380 508 2458 iuxtaque,
518 2382 610 2459 ripam
622 2380 716 2442 lilreni
731 2380 846 2441 sedibus
860 2380 1016 2458 adsignatis
1030 2377 1131 2439 conlo

137 2466 222 2525 cavit.
265 2465 343 2540 Quas
365 2462 404 2524 ob
424 2480 474 2523 rcs
491 2472 521 2523 et
541 2470 634 2524 ovans
650 2472 680 2525 et
695 2482 778 2525 curru
796 2464 895 2524 urbem
910 2466 1058 2541 ingressus
1074 2470 1132 2538 est,
1179 2468 1182 2474 '

136 2550 227 2627 prius,
242 2557 273 2608 ut
288 2548 401 2626 quidam
415 2556 525 2627 putant,
542 2547 759 2628 triumphalibus
774 2549 949 2609 ornamentis
962 2546 1132 2621 honoratus,

28 2628 37 2642 ⁸
72 2661 80 2671 ·
136 2647 213 2692 novo
227 2650 282 2692 uec
297 2642 381 2693 antea
395 2634 526 2709 cuiquam
541 2632 646 2695 tributo
662 2650 772 2711 genera
786 2632 914 2699 honoris.

198 2716 383 2791 Magistratus
397 2724 427 2775 et
438 2716 573 2776 maturius
586 2716 732 2777 inolmavit
748 2724 778 2775 et
792 2733 885 2794 paene
899 2714 1014 2775 iunctim
1025 2730 1132 2791 percu·
1142 2735 1166 2776 so

138 2799 242 2874 currit,
264 2808 460 2877 quaesturam,
482 2809 659 2878 praeturam,
683 2800 875 2868 consulatum
901 2798 1152 2877 interpositoque

137 2889 272 2958 tempore
286 2882 386 2941 consul
405 2884 507 2943 iterum
524 2885 608 2944 etiam
628 2883 806 2943 tnlruniciam
823 2890 994 2962 potestatam
1009 2883 1038 2951 in
1052 2880 1134 2958 quin·
1204 2930 1221 2937 ,,

54 3020 75 3035 .„
96 2964 288 3043 loquennium
310 2966 433 3041 accepit.
476 2966 532 3026 l'ot
545 2964 695 3045 prospciis
711 2965 935 3042 continentibus,
953 2966 1067 3041 integra
1084 2980 1135 3023 aa·

138 3056 198 3107 tate
222 3064 256 3107 uc
281 3046 437 3124 valitudine
458 3050 555 3109 statuit
578 3058 700 3127 repente
724 3050 974 3127 secedereseque
995 3044 1135 3108 emedio
1220 3088 1221 3103 2

138 3146 221 3209 qnam
240 3130 409 3207 longissime
428 3147 577 3192 amovere:
602 3132 732 3210 dubium,
754 3136 890 3194 uxorisne
910 3130 1023 3208 taedio,
1045 3140 1166 3209 quanta
1220 3124 1221 3173 i

137 3231 232 3294 neque
255 3214 398 3275 crirninari
415 3222 464 3272 ant
484 3212 623 3276 dimittere
646 3215 765 3277 auderet
783 3235 878 3297 neque
900 3216 975 3276 ultra
995 3214 1134 3294 perterre

137 3306 253 3378 posset,
272 3315 309 3360 an
322 3306 354 3356 ut
365 3297 454 3356 vitato
470 3295 642 3361 assiduitatis
656 3301 771 3361 fastidio
787 3302 985 3361 auctoritatem
999 3296 1136 3359 absentia

136 3390 265 3443 tueretur
279 3390 364 3461 atque
380 3379 465 3439 etiarn
480 3392 608 3458 augeret,
625 3386 649 3443 si
664 3383 776 3463 quaudo
793 3384 963 3462 indiguisset
978 3384 1021 3443 sui
1035 3400 1087 3443 ros
1103 3400 1134 3462 p.
