2475 3775
248 90 253 113 r

217 162 356 211 mum
562 158 769 209 PRAEFATIO.

219 336 288 379 aeas
303 326 329 375 et
341 321 457 375 materia
468 318 586 375 laoobus
602 317 769 390 Gronovius,
782 320 833 377 air.
849 337 934 392 supra
948 337 975 392 p.
991 320 1093 377 XXXV
1110 314 1123 399 ΙΙ

220 412 272 477 11,
288 412 302 463 1
320 404 499 475 responderet
513 400 676 459 Torrentius
691 417 744 473 pro
760 404 947 473 responderit,
965 405 1018 460 alr.
1040 422 1125 477 snpra

220 507 249 563 p.
266 488 367 545 XXXV
386 482 390 565 Ι
409 495 441 546 21
458 502 516 559 per
540 493 686 555 utrumque
700 486 805 543 Vratisl
819 492 846 543 2.
872 486 1051 544 casaubonus
1072 506 1125 560 pro

220 580 378 644 utrumque,
402 571 452 626 air.
475 585 559 639 supra
574 584 602 639 p.
621 568 710 623 XXlX
728 562 733 645 Ι
762 577 795 631 31
815 577 929 625 aenuma
942 566 1123 650 Eutropiusll

221 662 305 726 12,1
329 657 406 725 eique
425 651 614 710 scaevola
638 654 716 724 eique
739 657 891 709 sestertium
906 655 1127 727 qrmdrmqeaties

219 738 379 811 Eutropius.
423 740 501 809 eique
527 751 652 790 annuum
671 738 817 808 imperarit
834 741 986 793 sestertium
1001 737 1126 795 Historia

219 822 358 879 miscella.
388 808 485 895 φόρον
495 817 638 876 Paeanius.
661 823 737 892 eique
750 824 905 876 sestertium
917 828 1017 893 quater
1031 824 1128 877 milites

218 905 327 979 Lipsius
347 897 352 978 Ι
371 911 406 965 33
425 919 453 959 ε,
461 903 573 976 praeta
596 920 659 973 ego.
700 918 739 959 ex
757 905 871 975 praeda
889 905 1007 962 Ursinus
1029 922 1081 977 pro
1101 911 1130 960 et

212 988 336 1062 praedia
356 980 370 1065 ΙΙ
394 987 664 1058 13‚1Uobroqasset
684 987 841 1059 Stephanus
857 1005 910 1061 pra
932 988 1091 1060 abrogasset
1112 982 1126 1053 ΙΙ

219 1078 269 1143 14,
292 1078 327 1131 33
344 1070 590 1143 interpolationem
611 1071 780 1143 prosaripsit
794 1071 976 1130 casaubonus
1002 1065 1007 1148 Ι
1032 1077 1065 1132 37
1080 1088 1128 1127 re-

217 1154 502 1229 qmamiiSoriverius,
519 1154 571 1209 alr.
588 1170 671 1225 supra
687 1153 812 1226 p.XXlX
825 1147 839 1233 ΙΙ
856 1164 900 1225 15,
914 1162 949 1213 22
962 1162 1028 1227 esto,
1042 1158 1131 1230 inquit

126 1300 129 1303 ,
218 1238 349 1296 Erasmus
364 1230 378 1317 ΙΙ
394 1243 439 1309 17,
455 1244 489 1298 32
504 1252 519 1293 e
534 1252 638 1292 scaeua
652 1239 797 1295 Turnebus
817 1256 870 1311 pro
884 1254 989 1296 scaena
1004 1231 1018 1319 ΙΙ
1033 1247 1075 1308 18,
1094 1248 1129 1302 18

78 1346 83 1357 ·
146 1360 153 1373 .
218 1324 294 1379 mauu
309 1322 426 1378 Ursinus
444 1338 497 1394 pro
513 1321 590 1377 mobis
609 1314 613 1397 Ι
633 1327 668 1381 28
690 1322 816 1377 edidisset
831 1324 988 1395 Stephanus
1009 1342 1061 1396 pro
1077 1326 1127 1379 ele-

219 1408 301 1463 dissei
314 1398 329 1485 ΙΙ
343 1412 393 1477 19,
409 1411 427 1463 2
441 1407 475 1461 tis
489 1404 624 1475 Egnatius
638 1421 691 1476 pro
704 1404 747 1459 lris
772 1398 778 1480 Ι
802 1412 819 1465 6
832 1407 1017 1477 quadraginta
1033 1408 1128 1464 edlia-

219 1490 438 1549 siliensis1533.
467 1487 665 1561 quinquaqinta
678 1488 859 1545 casaubonus
874 1503 926 1561 pro
943 1491 1035 1545 aecem
1054 1486 1059 1567 Ι
1079 1494 1132 1552 93·

219 1572 354 1643 Egnatius
368 1588 420 1645 pro
435 1572 466 1626 iri
479 1564 493 1651 ΙΙ
506 1578 557 1642 22,
573 1576 606 1630 11
623 1573 717 1641 primo
729 1572 892 1628 Torrentius
907 1589 959 1644 pro
970 1576 1105 1644 proxima
1122 1565 1128 1653 Ι

218 1655 562 1728 sestertiacudeudorpius
578 1671 630 1727 pro
645 1657 798 1709 sestertium
817 1649 822 1731 Ι
841 1662 876 1715 39
888 1656 964 1711 Naso
976 1657 1129 1713 llauaiuel-

218 1740 262 1795 lus
276 1755 328 1812 pro
343 1754 412 1795 oasa
427 1731 441 1818 ΙΙ
456 1746 498 1807 23,
514 1746 549 1799 33
562 1740 726 1811 militarique
740 1753 773 1794 re
783 1738 902 1811 Lipsius.
934 1741 1048 1795 militari
1057 1758 1129 1813 quo-

218 1837 271 1898 que
287 1838 319 1879 re
342 1824 395 1881 aod
408 1824 491 1881 Basil.
514 1822 625 1878 Vindob
637 1831 662 1883 1.
708 1824 871 1897 militarique
882 1822 1024 1879 arte-Nlo.
1041 1823 1129 1880 llein-

219 1909 278 1965 sius
301 1925 355 1981 pro
374 1910 488 1964 militari
505 1922 596 1980 quare
610 1899 625 1987 ΙΙ
638 1912 688 1978 24,
707 1913 742 1966 25
758 1907 886 1964 Caesaris
908 1908 1035 1964 omittunt
1049 1906 1128 1964 Paris

220 1998 298 2053 6116.
321 1993 384 2048 bled
399 1999 425 2050 2.
453 1992 602 2048 ExaVoss.
632 1991 667 2046 erl
681 1992 749 2047 llam
764 1997 790 2049 2.
812 1984 817 2064 Ι
835 1997 870 2050 34
887 1991 972 2048 Cuius
981 2022 1023 2032 -
1035 2007 1131 2046 emem-

219 2076 283 2131 etate
303 2075 430 2140 omittunt
449 2075 531 2144 libri,
556 2075 607 2129 air.
629 2090 716 2145 supra
733 2091 760 2145 p.
777 2075 852 2130 XXX
872 2066 887 2152 ΙΙ
900 2080 951 2146 25,
972 2078 1129 2145 norimus

218 2157 337 2215 Ursinus
355 2174 407 2229 pro
419 2160 544 2229 primum
568 2149 574 2233 Ι
598 2161 631 2216 17
647 2157 716 2211 ualet
731 2157 897 2230 Stephanus.
940 2160 1003 2215 aelii
1016 2158 1128 2214 Ernesti

218 2257 271 2313 pro
294 2241 372 2294 vellet
392 2232 406 2317 ΙΙ
426 2246 477 2310 26,
499 2247 531 2299 19
559 2240 594 2295 de
617 2239 735 2296 laaunae
753 2243 946 2313 supplemento
968 2243 1020 2298 alr.
1041 2259 1128 2313 supra

217 2340 245 2397 p.
263 2321 339 2378 XXX
359 2315 363 2400 Ι
383 2329 417 2382 32
441 2322 572 2395 aquilifer
597 2322 733 2393 Egnatius
758 2341 811 2396 pro
831 2324 979 2397 aquilifero
1001 2317 1015 2403 ΙΙ
1035 2331 1091 2394 27,
1110 2330 1127 2385 7

215 2406 311 2479 forma
327 2421 392 2477 ego.
404 2405 633 2479 fortuaallenrm.
646 2405 765 2478 fortuna
783 2408 886 2480 reliqui
904 2400 911 2487 Ι
930 2416 963 2468 15
976 2424 1007 2464 se
1019 2408 1129 2465 subtra-

218 2490 298 2546 tebat
315 2503 369 2560 ego
392 2505 445 2562 pro
461 2489 638 2546 subtrahebat
653 2482 667 2567 ΙΙ
680 2496 730 2560 29,
751 2497 768 2549 2
786 2494 817 2546 im
837 2493 914 2548 delet
929 2495 1099 2549 Burmannus
1121 2485 1126 2571 Ι

217 2581 252 2635 13
265 2574 447 2632 deversariolo
461 2588 492 2629 ea
503 2572 685 2650 Gasaubonus
700 2591 753 2645 pro
763 2575 919 2632 deomsario
934 2578 993 2632 toea
1007 2567 1021 2654 ΙΙ
1035 2583 1081 2644 39,
1091 2581 1128 2636 25

217 2659 419 2715 rebellauerant
428 2657 585 2730 Stephanus
601 2673 653 2729 pro
668 2657 874 2716 rebellauerant
882 2653 896 2736 ΙΙ
910 2666 955 2730 31,
969 2660 1129 2730 26Ampius

216 2742 306 2797 Vatia.
323 2758 375 2814 pro
393 2743 525 2813 Amprius
539 2733 552 2820 ΙΙ
568 2747 613 2810 32,
628 2747 663 2801 18
681 2744 765 2798 valuit
785 2745 838 2800 aad
849 2743 956 2798 viterb.
974 2743 1085 2800 Vindob
1101 2751 1126 2801 1.

217 2824 301 2880 Basil.
326 2824 401 2881 cort.
424 2825 545 2882 edBasil
561 2831 630 2885 1533
650 2841 702 2896 pro
723 2828 806 2882 uoluit
828 2821 833 2900 Ι
858 2826 1129 2886 261ibrrsaruittunt

217 2907 323 2962 ilerum.
339 2907 402 2963 bled
413 2915 438 2968 3.
457 2908 523 2964 itarn
537 2909 627 2966 bledl
645 2926 660 2964 a
675 2909 763 2980 prima
779 2926 870 2980 mauu,
884 2909 935 2966 alr.
951 2926 978 2980 p.
994 2915 1099 2979 192,29
1112 2904 1126 2987 ΙΙ
1195 2899 1200 2909 ’

217 2995 311 3060 9115
329 2990 574 3049 Tertullianum
596 3007 649 3064 pro
667 2991 771 3049 Tullius
790 2988 796 3072 Ι
815 3001 848 3056 19
862 2994 957 3050 Uaseis
972 2993 1127 3050 Beroaldus

216 3089 268 3145 pro
287 3073 388 3129 Cassiis
407 3065 421 3151 ΙΙ
442 3081 494 3144 35,
517 3082 533 3135 6
553 3076 658 3146 reliqua
675 3074 785 3147 lipsius
801 3094 852 3150 pro
873 3078 995 3150 reliquos
1013 3069 1019 3155 Ι
1038 3082 1073 3137 32
1089 3078 1131 3132 ad

215 3169 328 3213 martura
338 3157 502 3214 beroaldus.
525 3158 797 3216 admuausFaebse.
825 3161 952 3217 idoneum
965 3160 1025 3216 Nlo.
1040 3160 1129 3216 llein-

154 3303 156 3308 ,
216 3240 285 3296 sius.
317 3241 431 3296 odorum
448 3240 662 3314 Oudendorpius
677 3233 692 3317 ΙΙ
705 3249 755 3313 36,
770 3250 805 3302 20
824 3245 967 3300 sollicitum
985 3246 1124 3299 maluisse.

217 3322 334 3390 09111651
349 3325 443 3382 disere
457 3329 536 3381 etiam
554 3341 626 3396 ego,
649 3327 701 3381 alr.
718 3343 746 3398 p.
762 3325 839 3384 XXX
856 3320 863 3405 Ι
886 3335 920 3388 36
928 3330 1039 3400 meinos
1059 3343 1128 3383 eon·-

214 3413 323 3466 seeratu
339 3411 375 3466 orl
385 3410 460 3467 basil
471 3415 541 3469 1546
560 3424 613 3481 pro
627 3411 721 3479 nmmo
735 3417 912 3468 consecratos
925 3405 940 3492 ΙΙ
954 3419 1006 3483 38,
1021 3416 1056 3472 14
1074 3414 1128 3467 mi·
