2475 3775
144 157 206 223 238
224 146 621 238 c.'som0r1ssmu.ns
633 143 912 218 mnscsussumu
923 168 990 216 mn.
1001 169 1077 217 vm.

144 326 358 408 praefecturam
375 342 492 405 qnoque
508 325 636 404 praetori
647 325 782 404 suscepit·
794 341 945 403 numquam
963 323 1000 387 ad
1020 323 1049 384 id
1063 333 1136 386 tem-

144 430 199 492 pus
215 411 270 469 nisi
284 409 320 470 ab
335 427 384 489 eq.
401 411 437 470 lt.
454 409 686 486 administratam,
703 409 821 488 egitque
833 407 978 486 aliquanto
990 409 1137 469 incivilius

144 505 174 555 et
187 494 353 555 violentius.
391 493 539 571 Siquidem
554 494 800 571 suspectissimum
816 509 958 570 queamus
969 491 1044 570 sibi,
1061 509 1134 553 sum·
1201 539 1213 578 ,ς

143 579 238 639 missis
254 579 372 657 'quiper
388 575 501 637 theatra
517 584 547 636 et
568 586 663 637 casua
680 577 767 655 ¹quasi
778 590 932 654 'consensu
952 575 989 636 ad
1009 588 1135 656 poenam

143 663 352 741 deposcerent,
365 660 441 721 haud
455 669 630 721 cunctanter
640 662 796 740 oppressit.
832 659 865 720 ln
879 660 924 720 his
937 658 1043 720 Aulum
1061 659 1133 720 Gue-
1148 676 1159 714 ⁵

144 747 238 806 cinam
252 745 451 822 consularem,
473 753 607 805 vocatum
621 746 658 804 ad
675 763 795 808 caenam
815 743 986 804 ac-cixdum
1006 745 1134 805 triclinio

143 847 306 908 egressum,
320 829 437 889 confodi
448 829 544 898 iussit;
557 845 627 888 sane
639 839 781 906 urguente
791 828 965 905 discrimine,
978 831 1134 888 cumetiam

144 913 369 993 chirographum
387 915 449 972 eius
463 921 654 990 praeparatae
669 912 743 992 apud
758 912 863 973 milites
876 913 1018 973 contionis
1029 911 1133 992 depre·
1218 935 1220 1020 p

142 997 300 1059 hendisset.
331 995 441 1071 Quibus
461 995 550 1055 rebus
573 997 648 1056 sicin
668 998 696 1056 in
721 997 1038 1075 posterumsecuritati
1064 995 1133 1056 satis
1219 1027 1220 1036 κ

144 1082 236 1156 cavit,
258 1083 297 1140 ita
319 1079 515 1159 adpraesens
537 1080 687 1159 plurimum
707 1079 1004 1158 contraxitinvidiue,
1028 1088 1058 1138 ut
1074 1093 1165 1140 nonno

142 1173 254 1224 temere
272 1165 407 1242 quietam
429 1163 555 1223 adverso
575 1180 692 1226 rumore
712 1165 867 1244 magisque«
884 1164 980 1224 invitis
1002 1163 1134 1224 omnibus

143 1249 290 1309 transierit
305 1247 341 1307 ad
355 1249 556 1326 principatum.
967 1252 970 1257 '

93 1334 95 1348 '
111 1349 129 1406 7
206 1331 327 1392 Praeter
342 1334 491 1392 saevitiam
506 1341 644 1411 suspecta
658 1333 686 1392 in
698 1349 734 1393 eo
747 1333 831 1393 ctiam
843 1331 954 1392 luxuria
967 1340 1041 1409 erat,
1056 1332 1134 1410 quod

142 1416 179 1477 ad
193 1415 315 1477 mediam
331 1426 447 1476 noctem
468 1418 688 1476 comissationes
704 1434 767 1477 cum
788 1417 990 1496 profusissimo
1014 1433 1134 1495 quoque

71 1551 77 1558 .
141 1501 321 1562 familiarium
335 1500 520 1570 extenderet3
544 1518 601 1560 nec
622 1502 712 1559 minus
735 1501 841 1577 libido,
860 1509 981 1580 propter
1000 1499 1168 1560 exoleto-1⁵

140 1602 203 1644 rum
219 1593 248 1645 et
262 1580 423 1662 spadonum
436 1598 546 1665 greges
558 1593 741 1663 ‘propterque
755 1586 901 1663 insignem
912 1579 1029 1661 re'ginae
1039 1583 1133 1644 Bere·

140 1669 223 1727 uices
239 1685 376 1744 amorem,
392 1669 438 1728 cui
454 1670 540 1727 etium
554 1669 669 1746 nuptias
684 1668 831 1746 pollicitus
846 1668 1009 1737 turabulum
1025 1682 1134 1746 suspe-

142 1761 188 1812 cta
202 1751 456 1834 rapacitas,*quod
472 1750 630 1812 constabat
646 1753 675 1811 in
698 1753 913 1830 cognitionibus
929 1754 1017 1831 patris
1031 1751 1133 1812 nundi·

141 1837 203 1904 nari
218 1836 429 1916 praemiarique
441 1836 573 1907 solitum;
588 1835 714 1915 deniqne
725 1838 875 1917 propalam
888 1837 973 1899 alium
983 1836 1134 1897 Neronem

140 1930 171 1981 et
187 1920 376 1999 opinabantur
390 1930 420 1981 et
440 1918 655 2001 praedicabant.
697 1921 737 1982 At
758 1922 801 1982 illi
822 1940 857 1983 ea
879 1922 954 1983 lama
977 1938 1031 2001 pro
1052 1918 1167 1981 bonuau

141 2005 231 2065 cessit
245 2021 446 2084 conversaque
462 2006 550 2066 estin
561 2006 704 2067 maximas
720 2006 835 2083 laudes,
858 2023 955 2083 neque
975 2007 1047 2065 vitio
1071 2005 1134 2065 ullo

140 2097 260 2167 reperto
275 2098 305 2147 et
319 2098 421 2149 contla
433 2090 584 2150 virtutibus
597 2092 721 2151 summis.
770 2130 773 2136 -

144 2214 150 2221 .
202 2168 344 2231 Convivia
363 2173 481 2246 instituit
497 2174 619 2233 iucunda
639 2176 732 2251 magis
749 2192 833 2253 quarn
847 2172 977 2252 profusa.
1010 2164 1133 2233 Amicos

140 2252 243 2329 elegit,
262 2253 365 2330 quibus
382 2256 468 2315 etiam
481 2266 550 2335 post
564 2276 629 2317 eum
644 2260 791 2338 principes
808 2265 839 2316 ut
859 2265 894 2316 et·
909 2256 965 2316 sibi
984 2265 1015 2315 et
1034 2258 1079 2315 rei
1101 2277 1131 2336 p.
1219 2290 1220 2323 1

65 2329 72 2344 ⁸
139 2338 317 2396 necessariis
330 2337 540 2417 adquieverunt
554 2343 773 2420 praecipueque
790 2349 855 2400 sunt
876 2342 929 2400 usi.
966 2339 1132 2401 Berenicen
1141 2360 1165 2399 2⁵

140 2422 235 2482 statim
249 2420 285 2481 ab
302 2420 376 2482 urbe
388 2422 503 2500 dimisit,
519 2424 624 2483 invitus
639 2426 764 2485 invitam.
804 2424 950 2500 Quosdam
959 2421 982 2483 'e
998 2426 1132 2502 gratissi·
1219 2480 1220 2489 ,

140 2507 193 2565 mis
208 2505 412 2584 delicatorum,
424 2516 664 2586 quamquamtam
679 2509 805 2573 artifices
820 2509 996 2585 saltationis,
1017 2518 1048 2573 ut
1063 2526 1133 2569 mox

141 2606 275 2651 scaenam
289 2592 442 2668 tenuerint,
458 2601 514 2651 nun
530 2591 615 2652 modo
632 2593 735 2653 lovere
751 2592 908 2672 prolixius,
926 2590 980 2668 sed
993 2602 1133 2671 spectare
1219 2616 1220 2647 ;

141 2676 255 2734 omuino
269 2676 299 2734 in
310 2675 435 2753 publico
451 2685 537 2736 coetu
550 2676 723 2756 supersedit.
746 2676 834 2737 ‘Nulli
853 2678 956 2737 civium
977 2678 1132 2757 quicquam

140 2756 258 2826 ademit;
277 2758 413 2819 abstinuit
425 2759 531 2837 alieno,
546 2770 576 2821 ut
588 2764 613 2821 si
629 2763 692 2841 quis
702 2756 854 2839 umquam-3
872 2779 907 2821 ac
921 2779 958 2820 ne
972 2770 1132 2823 concessas
1141 2780 1166 2821 su

140 2840 254 2916 quidem
280 2860 316 2901 ac
336 2843 438 2903 solitas
460 2843 639 2905 conlationes
661 2846 790 2923 recepit
825 2844 863 2905 Et
894 2853 989 2905 tamen
1015 2846 1131 2919 nemine

140 2929 205 2979 ante
217 2926 459 3016 semunilicentia
477 2928 586 3006 minor,
610 2928 821 3008 amphitheatro
843 2928 977 2989 dedicato
997 2928 1131 2989 thermis·

140 3020 196 3079 que
215 3012 293 3070 iuxta
313 3009 452 3070 celeriter.
467 3014 623 3088 extructis,
646 3028 746 3071 munus
768 3012 856 3073 edidit
878 3014 1132 3092 apparatissimum

139 3084 402 3167 largissimamque
423 3093 503 3153 dedit
516 3104 546 3153 et
564 3096 666 3156 nauale
690 3097 830 3174 proelium
850 3098 879 3155 in
900 3097 994 3156 veteri
1014 3115 1131 3160 nauma-

139 3166 213 3245 chia,
235 3168 340 3231 ibidem
363 3182 393 3232 et
418 3175 598 3251 gladiatores
624 3188 710 3259 atque
737 3196 793 3240 uno
819 3180 866 3241 die
899 3182 1024 3260 quinque
1050 3182 1164 3242 miliaco

140 3268 225 3311 omne
242 3271 335 3330 genus
349 3255 484 3318 terarum.

107 3342 125 3395 8
197 3335 305 3398 Natura
319 3347 413 3399 autem
429 3339 724 3426 beniuolentissimus,
744 3366 817 3409 cnm
830 3366 868 3409 cx
884 3348 1014 3409 instituto
1029 3348 1130 3410 'liberi

140 3433 240 3480 omnes
265 3420 368 3482 dehinc
391 3422 532 3484 caesares
552 3427 694 3493 beneficia
721 3450 738 3493 a
760 3432 958 3513 superioribus
983 3450 1130 3495 concessa
