2475 3775
317 174 319 176 *
412 214 417 225 Ι,
516 157 687 206 onnes.
1041 148 1102 212 205

106 310 242 371 librarum
264 309 426 389 quindecim
446 311 603 370 conflasset
618 331 654 372 ac
672 319 735 372 tres
750 310 862 391 uncias,
888 332 962 393 quae
979 315 1102 394 ponderi

107 395 236 472 deerant,
248 392 383 455 iussisset
395 395 484 472 exigi.
509 395 552 456 Ea
568 395 645 457 lama
662 405 691 456 et
709 398 875 458 confirmata
893 406 922 457 et
939 409 1027 482 aucta,
1045 411 1100 479 est,
1230 439 1231 442 =

52 539 54 544 .
106 489 136 538 ut
148 480 269 560 primum
280 478 382 541 urbem
394 479 512 539 introiit.
534 478 609 541 Nam
620 498 683 543 cum
695 480 873 558 classiarios,
887 499 960 560 quos
971 482 1051 543 Nero
1065 503 1135 546 err.
1230 499 1231 502 ’

7 569 11 577 ’
106 563 265 640 remigibus
282 565 376 624 iustos
392 563 497 623 milites
514 563 643 643 fecerat,
661 564 758 624 redire
777 565 981 644 ad-pristinum
999 576 1102 642 statum

80 667 94 705 s
108 656 241 725 cogeret,
253 649 417 708 recusantis
432 657 519 727 atque
530 649 651 727 insuper
666 649 789 726 aquilam
798 651 917 727 etsigna
927 652 1102 728 pertinacius

27 761 33 783 ι
105 732 261 806 flagitantis
272 749 331 791 nou
342 731 428 792 modo
441 732 559 792 inmisso
573 734 670 813 equite
684 731 809 809 disiecit,
823 733 875 795 sed
890 734 1043 795 decimavit
1051 737 1102 796 eti-

105 834 160 876 am.
185 813 645 900 ltgmssemnanoruincobcrtem
658 835 674 877 a
686 814 861 878 Caesaribus
874 816 969 878 clima
1006 829 1101 881 eusto-

106 879 182 960 ‹ffam
195 901 329 978 corporis
339 901 496 961 institutam
505 899 661 979 multisque
671 900 878 980 experimentis
896 901 1101 980 fidelissimam,

106 983 242 1044 dissolvit
252 1001 288 1043 ac
302 983 366 1043 sine
378 984 531 1045 commodo
543 985 604 1044 ullo
622 986 734 1045 remisit
751 986 779 1044 in
793 988 929 1064 patriam,
947 990 1028 1066 quasi
1041 987 1101 1048 ΟΝ.

69 1081 97 1122 10
106 1066 289 1145 Dolabellae,
304 1068 382 1128 iuxta
396 1071 476 1128 cuius
486 1068 589 1128 hortos
604 1069 750 1146 tendebat,
762 1073 939 1148 proniorem.
971 1071 1101 1152 illaque·

106 1169 163 1230 que
174 1167 284 1211 verene
301 1167 338 1212 an
353 1150 430 1212 falso
443 1169 499 1230 per
515 1152 666 1214 ludibrium
685 1152 882 1234 laetabantur,
900 1155 1031 1234 adposita
1043 1157 1101 1216 lau·

105 1236 180 1295 tiore
191 1251 282 1294 caena
293 1235 471 1312 ingemuisse
482 1254 565 1306 eum;
579 1244 609 1303 et
623 1237 768 1298 ordinario
782 1238 895 1316 quidem
908 1239 1102 1319 dispensatori

106 1318 282 1379 breviarium
292 1320 435 1383 rabanum
448 1320 582 1380 offerenti
593 1320 784 1401 paropsidem
794 1320 947 1398 leguminis
954 1341 1008 1402 pro
1018 1323 1102 1383 sedu-

105 1403 188 1463 litate
199 1420 235 1463 ac
246 1401 398 1480 diligentia
409 1406 592 1482 porrexisse,
601 1402 682 1464 (iano
695 1413 789 1464 autem
797 1405 1030 1482 choraulaemire
1041 1407 1101 1486 pla·

69 1499 98 1540 sa
107 1487 183 1546 eenti
194 1485 329 1567 denarios
342 1488 468 1565 qumque
480 1487 616 1566 donasse,
629 1489 762 1566 prolatos
773 1504 856 1550 manu
869 1507 920 1550 sua
939 1507 956 1548 e
974 1490 1101 1570 peculia·

104 1569 186 1631 ribus
195 1569 301 1631 loculis
317 1573 386 1630 suis.
498 1606 500 1611 ·

167 1654 265 1729 Quare
276 1654 417 1714 adventus
428 1657 555 1716 eiusnon
565 1655 684 1735 perinde
692 1665 792 1733 gratus
800 1654 860 1732 luit,
872 1655 959 1734 idque
968 1658 1100 1736 proximo
1111 1672 1144 1726 13

105 1736 277 1816 spectaculo
289 1741 431 1816 apparuit.
455 1740 605 1817 Siquidem
613 1739 758 1800 Atellanis
769 1723 947 1800 mitissimum
959 1737 1100 1802 canticum

105 1821 236 1882 exorsis:
259 1818 349 1880 Venit
368 1819 531 1885 Onesimus
551 1841 573 1883 a
592 1823 686 1901 oilla,
711 1824 807 1883 cuncti
822 1823 905 1884 simul
919 1833 1101 1904 spectatores

64 1921 95 1961 ao
106 1906 306 1967 consentiente
313 1924 389 1967 voce
401 1906 542 1985 reliquam
554 1918 666 1987 partem
675 1908 835 1970 retulerunt
846 1925 881 1972 ac
890 1910 1005 1988 saepius
1013 1927 1102 1969 versu

103 1992 230 2070 repetito
241 1999 374 2066 egerunt.
393 1990 504 2051 llaiore
516 1992 592 2052 adeo
605 2002 634 2051 et
644 1993 749 2053 lavore
760 2001 789 2052 et
801 1994 971 2053 anctoritate
979 1990 1100 2074 adeptus
1110 2001 1144 2055 14

105 2082 151 2134 est
163 2085 247 2151 quam
257 2075 520 2154 gessitimperium,
533 2094 703 2157 quamquam
712 2074 799 2138 multa
808 2074 1104 2159 documentaegregii

19 2198 30 2214 e
103 2158 246 2237 principis
257 2156 352 2228 daret;
371 2158 683 2240 sednequapnamtam
694 2169 777 2239 grata
789 2170 887 2241 erant,
904 2178 987 2241 quam
1007 2163 1101 2223 invisa

104 2258 179 2321 quae
191 2259 277 2301 secus
290 2242 403 2302 lierent.
958 2247 996 2265 “’
1118 2300 1119 2309 ,

63 2344 93 2384 ss
163 2324 332 2403 Regebatur
343 2329 427 2387 nium
438 2326 569 2407 arbitrio,
584 2346 658 2408 quos
668 2339 765 2390 una-et
775 2332 848 2391 intra
861 2330 1000 2391 Palatium
1022 2330 1100 2391 habi-

102 2410 190 2472 tantis
201 2427 257 2469 nec
272 2414 405 2489 umqnanl
416 2430 475 2472 non
493 2412 677 2473 adhaerentis
696 2412 891 2493 paedagogos
907 2415 996 2490 vulgo
1008 2430 1100 2473 voca·

101 2492 182 2551 bant.
197 2492 221 2551 li
233 2501 314 2553 erant
322 2494 356 2554 Τ.
365 2496 467 2570 Vinius
479 2492 595 2573 legatus
607 2498 670 2557 eius
682 2498 711 2556 in
717 2499 866 2577 Hispania,
876 2496 1040 2577 cupiditatis
1051 2498 1100 2555 im-

101 2594 235 2645 mensae;
259 2575 414 2639 Cornelius
430 2579 507 2639 Laco
528 2597 567 2638 ex
584 2597 738 2640 assessore
761 2581 929 2658 praefectus
950 2578 1100 2656 praetorii,
1171 2638 1173 2643 .

101 2662 270 2737 arrogantia
293 2660 490 2738 socordiaque
514 2662 721 2733 intolerabilis;
747 2663 867 2723 libertus
884 2660 991 2739 Icelus,
1013 2662 1100 2741 paulo

62 2768 91 2811 so
104 2745 172 2804 ant'e
186 2743 280 2803 anulis
292 2746 387 2803 aureis
396 2753 425 2802 et
435 2742 573 2803 Marciani
585 2747 759 2823 cognomine
773 2754 890 2805 ornatus
903 2763 945 2820 ac¹
954 2748 1008 2807 iam
1026 2764 1099 2807 sum·

100 2844 167 2888 mae
180 2828 325 2904 equestris
336 2825 444 2904 gratim
457 2826 633 2889 candidatus.
658 2828 710 2889 llis
721 2828 837 2889 diverso
850 2829 982 2889 vitiorum
990 2846 1099 2908 genere

100 2910 304 2988 grassantibus
311 2911 386 2971 adeo
400 2930 433 2971 se
444 2910 616 2977 abutendum
628 2914 759 2993 permisit
768 2922 797 2973 et
807 2912 933 2991 tradidit,
945 2915 1034 2975 ut'vix
1043 2916 1099 2977 sibi

100 2998 168 3074 ipse
182 3003 340 3073 constaret,
352 2995 439 3056 modo
451 2996 587 3057 acerbior
598 2999 784 3077 parciorque,
796 2997 881 3057 modo
898 3000 1047 3065 remissior
1064 3019 1099 3060 ac

100 3078 310 3156 neglegentior
335 3098 420 3160 quam
441 3084 612 3143 conveniret
641 3082 767 3161 principi
793 3082 891 3145 electo
918 3094 1002 3165 atque
1028 3084 1097 3146 illud

61 3162 216 3228 asaetatis.

167 3247 315 3322 Quosdam
328 3246 426 3309 claros
439 3267 478 3309 ex
488 3258 612 3328 utroque
623 3250 724 3311 ordine
740 3252 820 3311 viros
834 3254 1001 3333 suspicione
1018 3253 1096 3311 mini-

99 3348 149 3391 ma
159 3330 303 3393 inauditos
316 3332 527 3394 condemnavit.
549 3334 701 3395 Civitatem
711 3336 747 3397 R.
759 3354 825 3399 raro
839 3335 925 3413 dedit,
941 3338 1002 3396 iura
1014 3336 1097 3394 trium

25 3444 31 3455 ·
99 3413 261 3483 liberorum
271 3417 378 3478 viruni
389 3426 476 3498 atque
488 3418 587 3497 alteri,
598 3438 681 3481 acne
693 3420 719 3479 is
730 3420 845 3498 qudem
865 3422 919 3480 nisi
936 3420 970 3480 ad
989 3428 1107 3478 certum-
