<?xml version="1.0" encoding="UTF-8"?>
<!DOCTYPE html PUBLIC "-//W3C//DTD XHTML 1.0 Transitional//EN"
    "http://www.w3.org/TR/xhtml1/DTD/xhtml1-transitional.dtd">
<html xmlns="http://www.w3.org/1999/xhtml" xml:lang="en" lang="en">
 <head>
  <title>
</title>
<meta http-equiv="Content-Type" content="text/html;charset=utf-8" />
  <meta name='ocr-system' content='tesseract 3.04.00' />
  <meta name='ocr-capabilities' content='ocr_page ocr_carea ocr_par ocr_line ocrx_word'/>
</head>
<body>
  <div class='ocr_page' id='page_1' title='image "./csuetonitranqui03rothgoog_0138.png"; bbox 0 0 2475 3775; ppageno 0'>
   <div class='ocr_carea' id='block_1_1' title="bbox 99 129 1051 202">
    <p class='ocr_par' dir='ltr' id='par_1_1' title="bbox 99 129 1051 202">
     <span class='ocr_line' id='line_1_1' title="bbox 99 129 1051 202; baseline -0.004 -10"><span class='ocrx_word' id='word_1_1' title='bbox 99 167 107 178; x_wconf 85' lang='lat'><em>.</em></span> <span class='ocrx_word' id='word_1_2' title='bbox 140 129 185 194; x_wconf 77' lang='lat'><strong>28</strong></span> <span class='ocrx_word' id='word_1_3' title='bbox 230 144 259 192; x_wconf 91' lang='lat' dir='ltr'><strong>c.</strong></span> <span class='ocrx_word' id='word_1_4' title='bbox 278 141 427 192; x_wconf 83' lang='lat' dir='ltr'><strong>sunnour</strong></span> <span class='ocrx_word' id='word_1_5' title='bbox 441 141 568 202; x_wconf 68' lang='lat' dir='ltr'><strong>nmero.</strong></span> <span class='ocrx_word' id='word_1_6' title='bbox 582 143 632 190; x_wconf 84' lang='lat' dir='ltr'><strong>on</strong></span> <span class='ocrx_word' id='word_1_7' title='bbox 647 142 728 190; x_wconf 75' lang='lat' dir='ltr'><strong>vrrs</strong></span> <span class='ocrx_word' id='word_1_8' title='bbox 747 141 929 191; x_wconf 82' lang='lat' dir='ltr'><strong>cnssssun</strong></span> <span class='ocrx_word' id='word_1_9' title='bbox 946 141 1015 188; x_wconf 81' lang='lat' dir='ltr'><strong>nne.</strong></span> <span class='ocrx_word' id='word_1_10' title='bbox 1028 139 1051 188; x_wconf 89' lang='lat'><strong>1.</strong></span> 
     </span>
    </p>
   </div>
   <div class='ocr_carea' id='block_1_2' title="bbox 102 293 1190 3476">
    <p class='ocr_par' dir='ltr' id='par_1_2' title="bbox 102 293 1176 1382">
     <span class='ocr_line' id='line_1_2' title="bbox 102 293 1139 374; baseline -0.008 -13"><span class='ocrx_word' id='word_1_11' title='bbox 102 304 137 361; x_wconf 82' lang='grc'><strong>68</strong></span> <span class='ocrx_word' id='word_1_12' title='bbox 148 298 257 374; x_wconf 81' lang='lat' dir='ltr'><strong>Quibus</strong></span> <span class='ocrx_word' id='word_1_13' title='bbox 271 297 357 358; x_wconf 90' lang='lat' dir='ltr'><strong>rebus</strong></span> <span class='ocrx_word' id='word_1_14' title='bbox 372 307 401 358; x_wconf 91' lang='lat' dir='ltr'><strong>et</strong></span> <span class='ocrx_word' id='word_1_15' title='bbox 414 297 618 362; x_wconf 81' lang='lat' dir='ltr'><strong>devotisiimos</strong></span> <span class='ocrx_word' id='word_1_16' title='bbox 632 296 687 356; x_wconf 91' lang='lat' dir='ltr'><strong>sibi</strong></span> <span class='ocrx_word' id='word_1_17' title='bbox 701 305 731 356; x_wconf 91' lang='lat' dir='ltr'><strong>ct</strong></span> <span class='ocrx_word' id='word_1_18' title='bbox 743 297 918 356; x_wconf 82' lang='lat' dir='ltr'><strong>fortissimos</strong></span> <span class='ocrx_word' id='word_1_19' title='bbox 931 293 1064 361; x_wconf 76' lang='lat' dir='ltr'><strong>reddidit.</strong></span> <span class='ocrx_word' id='word_1_20' title='bbox 1092 294 1139 355; x_wconf 90' lang='lat' dir='ltr'><strong>ln·</strong></span> 
     </span>
     <span class='ocr_line' id='line_1_3' title="bbox 145 378 1141 461; baseline -0.004 -19"><span class='ocrx_word' id='word_1_21' title='bbox 145 400 251 461; x_wconf 91' lang='lat' dir='ltr'><strong>gresso</strong></span> <span class='ocrx_word' id='word_1_22' title='bbox 273 382 359 442; x_wconf 88' lang='lat' dir='ltr'><strong>civile</strong></span> <span class='ocrx_word' id='word_1_23' title='bbox 377 380 485 442; x_wconf 90' lang='lat' dir='ltr'><strong>bellum</strong></span> <span class='ocrx_word' id='word_1_24' title='bbox 506 385 690 442; x_wconf 79' lang='lat' dir='ltr'>centuriones</span> <span class='ocrx_word' id='word_1_25' title='bbox 710 383 847 460; x_wconf 74' lang='lat' dir='ltr'><strong>cnmsque</strong></span> <span class='ocrx_word' id='word_1_26' title='bbox 862 380 988 456; x_wconf 73' lang='lat' dir='ltr'>legionis</span> <span class='ocrx_word' id='word_1_27' title='bbox 1007 378 1141 456; x_wconf 87' lang='lat' dir='ltr'><strong>singulos</strong></span> 
     </span>
     <span class='ocr_line' id='line_1_4' title="bbox 146 463 1140 545; baseline -0.005 -19"><span class='ocrx_word' id='word_1_28' title='bbox 146 469 258 545; x_wconf 80' lang='lat' dir='ltr'>equites</span> <span class='ocrx_word' id='word_1_29' title='bbox 281 485 296 525; x_wconf 93' lang='lat' dir='ltr'><strong>e</strong></span> <span class='ocrx_word' id='word_1_30' title='bbox 317 467 422 526; x_wconf 84' lang='lat' dir='ltr'><strong>viatico</strong></span> <span class='ocrx_word' id='word_1_31' title='bbox 444 483 496 525; x_wconf 91' lang='lat' dir='ltr'><strong>suo</strong></span> <span class='ocrx_word' id='word_1_32' title='bbox 518 466 697 545; x_wconf 89' lang='lat' dir='ltr'><strong>optulerunt,</strong></span> <span class='ocrx_word' id='word_1_33' title='bbox 707 465 841 524; x_wconf 80' lang='lat' dir='ltr'><strong>‘universi</strong></span> <span class='ocrx_word' id='word_1_34' title='bbox 860 463 966 522; x_wconf 75' lang='lat' dir='ltr'><strong>milites</strong></span> <span class='ocrx_word' id='word_1_35' title='bbox 987 464 1140 539; x_wconf 89' lang='lat' dir='ltr'><strong>gratuitam</strong></span> 
     </span>
     <span class='ocr_line' id='line_1_5' title="bbox 147 548 1140 629; baseline -0.006 -18"><span class='ocrx_word' id='word_1_36' title='bbox 147 561 176 611; x_wconf 96' lang='lat' dir='ltr'><strong>et</strong></span> <span class='ocrx_word' id='word_1_37' title='bbox 191 553 252 611; x_wconf 89' lang='lat' dir='ltr'><strong>sine</strong></span> <span class='ocrx_word' id='word_1_38' title='bbox 265 549 408 608; x_wconf 88' lang='lat' dir='ltr'><strong>frumento</strong></span> <span class='ocrx_word' id='word_1_39' title='bbox 429 550 631 629; x_wconf 91' lang='lat' dir='ltr'><strong>stipendioque</strong></span> <span class='ocrx_word' id='word_1_40' title='bbox 647 566 781 628; x_wconf 88' lang='lat' dir='ltr'><strong>operam;</strong></span> <span class='ocrx_word' id='word_1_41' title='bbox 806 565 868 608; x_wconf 90' lang='lat' dir='ltr'><strong>cum</strong></span> <span class='ocrx_word' id='word_1_42' title='bbox 887 548 1048 606; x_wconf 90' lang='lat' dir='ltr'><strong>tenuiorum</strong></span> <span class='ocrx_word' id='word_1_43' title='bbox 1067 554 1140 606; x_wconf 89' lang='lat' dir='ltr'><strong>tute·</strong></span> 
     </span>
     <span class='ocr_line' id='line_1_6' title="bbox 146 630 1163 712; baseline -0.003 -17"><span class='ocrx_word' id='word_1_44' title='bbox 146 636 202 696; x_wconf 92' lang='lat' dir='ltr'><strong>lam</strong></span> <span class='ocrx_word' id='word_1_45' title='bbox 216 634 425 712; x_wconf 60' lang='lat' dir='ltr'><strong>locupletiores</strong></span> <span class='ocrx_word' id='word_1_46' title='bbox 443 635 472 692; x_wconf 93' lang='lat' dir='ltr'><strong>in</strong></span> <span class='ocrx_word' id='word_1_47' title='bbox 487 652 519 693; x_wconf 89' lang='lat' dir='ltr'><strong>se</strong></span> <span class='ocrx_word' id='word_1_48' title='bbox 533 633 732 693; x_wconf 88' lang='lat' dir='ltr'><strong>contulissent.</strong></span> <span class='ocrx_word' id='word_1_49' title='bbox 766 630 868 711; x_wconf 81' lang='lat' dir='ltr'><strong>Neque</strong></span> <span class='ocrx_word' id='word_1_50' title='bbox 883 633 911 690; x_wconf 87' lang='lat' dir='ltr'><strong>in</strong></span> <span class='ocrx_word' id='word_1_51' title='bbox 933 640 989 690; x_wconf 92' lang='lat' dir='ltr'><strong>tam</strong></span> <span class='ocrx_word' id='word_1_52' title='bbox 1008 630 1163 692; x_wconf 80' lang='lat' dir='ltr'><strong>diuturnos</strong></span> 
     </span>
     <span class='ocr_line' id='line_1_7' title="bbox 147 716 1142 797; baseline -0.004 -19"><span class='ocrx_word' id='word_1_53' title='bbox 147 719 240 797; x_wconf 91' lang='lat' dir='ltr'><strong>spatio</strong></span> <span class='ocrx_word' id='word_1_54' title='bbox 258 718 404 796; x_wconf 90' lang='lat' dir='ltr'><strong>quisquam</strong></span> <span class='ocrx_word' id='word_1_55' title='bbox 427 719 543 778; x_wconf 90' lang='lat' dir='ltr'><strong>omnino</strong></span> <span class='ocrx_word' id='word_1_56' title='bbox 565 716 702 793; x_wconf 86' lang='lat' dir='ltr'><strong>descivit,</strong></span> <span class='ocrx_word' id='word_1_57' title='bbox 721 716 853 795; x_wconf 85' lang='lat' dir='ltr'><strong>plerique</strong></span> <span class='ocrx_word' id='word_1_58' title='bbox 873 717 948 794; x_wconf 89' lang='lat' dir='ltr'><strong>capti</strong></span> <span class='ocrx_word' id='word_1_59' title='bbox 969 731 1142 775; x_wconf 79' lang='lat' dir='ltr'><strong>concessam</strong></span> 
     </span>
     <span class='ocr_line' id='line_1_8' title="bbox 147 797 1141 878; baseline -0.005 -17"><span class='ocrx_word' id='word_1_60' title='bbox 147 801 202 862; x_wconf 92' lang='lat' dir='ltr'><strong>sibi</strong></span> <span class='ocrx_word' id='word_1_61' title='bbox 217 800 269 861; x_wconf 93' lang='lat' dir='ltr'><strong>sub</strong></span> <span class='ocrx_word' id='word_1_62' title='bbox 287 800 452 861; x_wconf 89' lang='lat' dir='ltr'><strong>conditione</strong></span> <span class='ocrx_word' id='word_1_63' title='bbox 467 803 569 878; x_wconf 84' lang='lat' dir='ltr'><strong>vitam,</strong></span> <span class='ocrx_word' id='word_1_64' title='bbox 589 803 613 860; x_wconf 93' lang='lat' dir='ltr'><strong>si</strong></span> <span class='ocrx_word' id='word_1_65' title='bbox 634 801 756 861; x_wconf 86' lang='lat' dir='ltr'><strong>militare</strong></span> <span class='ocrx_word' id='word_1_66' title='bbox 777 799 915 859; x_wconf 82' lang='lat' dir='ltr'><strong>adversus</strong></span> <span class='ocrx_word' id='word_1_67' title='bbox 935 816 999 858; x_wconf 90' lang='lat' dir='ltr'><strong>enm</strong></span> <span class='ocrx_word' id='word_1_68' title='bbox 1020 797 1141 872; x_wconf 85' lang='lat' dir='ltr'><strong>vellent,</strong></span> 
     </span>
     <span class='ocr_line' id='line_1_9' title="bbox 145 880 1141 959; baseline -0.006 -13"><span class='ocrx_word' id='word_1_69' title='bbox 145 893 328 953; x_wconf 91' lang='lat' dir='ltr'><strong>recusarunt;</strong></span> <span class='ocrx_word' id='word_1_70' title='bbox 348 884 451 944; x_wconf 89' lang='lat' dir='ltr'><strong>iamem</strong></span> <span class='ocrx_word' id='word_1_71' title='bbox 471 894 500 945; x_wconf 92' lang='lat' dir='ltr'><strong>et</strong></span> <span class='ocrx_word' id='word_1_72' title='bbox 516 894 630 946; x_wconf 89' lang='lat' dir='ltr'><strong>ceteras</strong></span> <span class='ocrx_word' id='word_1_73' title='bbox 646 886 852 959; x_wconf 75' lang='lat' dir='ltr'><strong>necessitates,</strong></span> <span class='ocrx_word' id='word_1_74' title='bbox 873 900 932 942; x_wconf 94' lang='lat' dir='ltr'><strong>non</strong></span> <span class='ocrx_word' id='word_1_75' title='bbox 947 899 1010 942; x_wconf 88' lang='lat' dir='ltr'><strong>cum</strong></span> <span class='ocrx_word' id='word_1_76' title='bbox 1025 880 1141 942; x_wconf 91' lang='lat' dir='ltr'><strong>obside·</strong></span> 
     </span>
     <span class='ocr_line' id='line_1_10' title="bbox 146 965 1141 1049; baseline -0.006 -19"><span class='ocrx_word' id='word_1_77' title='bbox 146 979 245 1030; x_wconf 86' lang='lat' dir='ltr'><strong>rentur</strong></span> <span class='ocrx_word' id='word_1_78' title='bbox 258 967 344 1028; x_wconf 92' lang='lat' dir='ltr'><strong>modo</strong></span> <span class='ocrx_word' id='word_1_79' title='bbox 359 967 455 1027; x_wconf 90' lang='lat' dir='ltr'><strong>sedet</strong></span> <span class='ocrx_word' id='word_1_80' title='bbox 470 969 493 1028; x_wconf 89' lang='lat' dir='ltr'><strong>si</strong></span> <span class='ocrx_word' id='word_1_81' title='bbox 511 971 565 1049; x_wconf 91' lang='lat' dir='ltr'><strong>ipsi</strong></span> <span class='ocrx_word' id='word_1_82' title='bbox 578 969 653 1029; x_wconf 88' lang='lat' dir='ltr'><strong>alios</strong></span> <span class='ocrx_word' id='word_1_83' title='bbox 670 968 1018 1045; x_wconf 84' lang='lat' dir='ltr'><strong>obsiderent,tantopere</strong></span> <span class='ocrx_word' id='word_1_84' title='bbox 1034 965 1141 1026; x_wconf 91' lang='lat' dir='ltr'><strong>tolera·</strong></span> 
     </span>
     <span class='ocr_line' id='line_1_11' title="bbox 145 1050 1176 1131; baseline -0.006 -18"><span class='ocrx_word' id='word_1_85' title='bbox 145 1053 229 1128; x_wconf 51' lang='lat' dir='ltr'><strong>¹bunt,</strong></span> <span class='ocrx_word' id='word_1_86' title='bbox 251 1051 473 1126; x_wconf 79' lang='lat' dir='ltr'><strong>ntDyrrachina</strong></span> <span class='ocrx_word' id='word_1_87' title='bbox 492 1055 648 1114; x_wconf 89' lang='lat' dir='ltr'><strong>munitione</strong></span> <span class='ocrx_word' id='word_1_88' title='bbox 669 1051 822 1131; x_wconf 88' lang='lat' dir='ltr'><strong>Pompeius</strong></span> <span class='ocrx_word' id='word_1_89' title='bbox 844 1053 908 1111; x_wconf 85' lang='lat' dir='ltr'><strong>viso</strong></span> <span class='ocrx_word' id='word_1_90' title='bbox 929 1069 1040 1128; x_wconf 82' lang='lat' dir='ltr'><strong>genere</strong></span> <span class='ocrx_word' id='word_1_91' title='bbox 1058 1050 1141 1129; x_wconf 91' lang='lat' dir='ltr'><strong>panis</strong></span> <span class='ocrx_word' id='word_1_92' title='bbox 1152 1065 1176 1107; x_wconf 82' lang='lat' dir='ltr'><strong>ro</strong></span> 
     </span>
     <span class='ocr_line' id='line_1_12' title="bbox 148 1133 1141 1215; baseline -0.004 -19"><span class='ocrx_word' id='word_1_93' title='bbox 148 1155 187 1196; x_wconf 83' lang='lat' dir='ltr'><strong>ex</strong></span> <span class='ocrx_word' id='word_1_94' title='bbox 202 1134 305 1211; x_wconf 86' lang='lat' dir='ltr'><strong>herba,</strong></span> <span class='ocrx_word' id='word_1_95' title='bbox 325 1153 383 1214; x_wconf 89' lang='lat' dir='ltr'><strong>quo</strong></span> <span class='ocrx_word' id='word_1_96' title='bbox 405 1135 631 1214; x_wconf 80' lang='lat' dir='ltr'><strong>sustinebantur,</strong></span> <span class='ocrx_word' id='word_1_97' title='bbox 651 1155 718 1196; x_wconf 85' lang='lat' dir='ltr'><strong>cum</strong></span> <span class='ocrx_word' id='word_1_98' title='bbox 730 1135 809 1215; x_wconf 71' lang='lat' dir='ltr'><strong>(cris</strong></span> <span class='ocrx_word' id='word_1_99' title='bbox 824 1133 886 1195; x_wconf 75' lang='lat' dir='ltr'><strong>cibi</strong></span> <span class='ocrx_word' id='word_1_100' title='bbox 899 1152 964 1195; x_wconf 83' lang='lat' dir='ltr'><strong>rem</strong></span> <span class='ocrx_word' id='word_1_101' title='bbox 979 1151 1046 1194; x_wconf 80' lang='lat' dir='ltr'><strong>esre</strong></span> <span class='ocrx_word' id='word_1_102' title='bbox 1060 1133 1141 1194; x_wconf 85' lang='lat' dir='ltr'><strong>dixe·</strong></span> 
     </span>
     <span class='ocr_line' id='line_1_13' title="bbox 147 1219 1141 1298; baseline -0.002 -19"><span class='ocrx_word' id='word_1_103' title='bbox 147 1222 199 1295; x_wconf 89' lang='lat' dir='ltr'><strong>rit,</strong></span> <span class='ocrx_word' id='word_1_104' title='bbox 222 1221 407 1298; x_wconf 88' lang='lat' dir='ltr'><strong>amoverique</strong></span> <span class='ocrx_word' id='word_1_105' title='bbox 427 1222 508 1280; x_wconf 91' lang='lat' dir='ltr'><strong>ocius</strong></span> <span class='ocrx_word' id='word_1_106' title='bbox 527 1239 582 1280; x_wconf 92' lang='lat' dir='ltr'><strong>nec</strong></span> <span class='ocrx_word' id='word_1_107' title='bbox 601 1222 732 1298; x_wconf 88' lang='lat' dir='ltr'><strong>cuiquam</strong></span> <span class='ocrx_word' id='word_1_108' title='bbox 752 1219 865 1282; x_wconf 90' lang='lat' dir='ltr'><strong>ostendi</strong></span> <span class='ocrx_word' id='word_1_109' title='bbox 884 1220 1014 1295; x_wconf 82' lang='lat' dir='ltr'><strong>iusserit,</strong></span> <span class='ocrx_word' id='word_1_110' title='bbox 1035 1235 1072 1278; x_wconf 92' lang='lat' dir='ltr'><strong>ne</strong></span> <span class='ocrx_word' id='word_1_111' title='bbox 1091 1233 1141 1295; x_wconf 86' lang='lat' dir='ltr'><strong>pa·</strong></span> 
     </span>
     <span class='ocr_line' id='line_1_14' title="bbox 148 1303 1025 1382; baseline -0.003 -19"><span class='ocrx_word' id='word_1_112' title='bbox 148 1303 247 1363; x_wconf 86' lang='lat' dir='ltr'><strong>tientia</strong></span> <span class='ocrx_word' id='word_1_113' title='bbox 263 1312 293 1362; x_wconf 87' lang='lat' dir='ltr'><strong>et</strong></span> <span class='ocrx_word' id='word_1_114' title='bbox 308 1305 465 1382; x_wconf 82' lang='lat' dir='ltr'><strong>pertinacia</strong></span> <span class='ocrx_word' id='word_1_115' title='bbox 480 1305 572 1365; x_wconf 92' lang='lat' dir='ltr'><strong>hostis</strong></span> <span class='ocrx_word' id='word_1_116' title='bbox 587 1307 671 1365; x_wconf 92' lang='lat' dir='ltr'><strong>animi</strong></span> <span class='ocrx_word' id='word_1_117' title='bbox 684 1322 799 1364; x_wconf 90' lang='lat' dir='ltr'><strong>snorum</strong></span> <span class='ocrx_word' id='word_1_118' title='bbox 814 1304 1025 1381; x_wconf 76' lang='lat' dir='ltr'><strong>frangerentur.</strong></span> 
     </span>
    </p>

    <p class='ocr_par' dir='ltr' id='par_1_3' title="bbox 131 1383 1177 1551">
     <span class='ocr_line' id='line_1_15' title="bbox 131 1383 1142 1465; baseline -0.002 -19"><span class='ocrx_word' id='word_1_119' title='bbox 131 1447 132 1454; x_wconf 9' lang='grc' dir='ltr'>χ</span> <span class='ocrx_word' id='word_1_120' title='bbox 212 1387 323 1462; x_wconf 79' lang='lat' dir='ltr'><strong>Quanta</strong></span> <span class='ocrx_word' id='word_1_121' title='bbox 348 1387 514 1449; x_wconf 81' lang='lat' dir='ltr'><strong>fortitudine</strong></span> <span class='ocrx_word' id='word_1_122' title='bbox 539 1387 712 1465; x_wconf 87' lang='lat' dir='ltr'><strong>dimicarint,</strong></span> <span class='ocrx_word' id='word_1_123' title='bbox 739 1389 904 1448; x_wconf 89' lang='lat' dir='ltr'><strong>testimonio</strong></span> <span class='ocrx_word' id='word_1_124' title='bbox 928 1396 973 1446; x_wconf 86' lang='lat' dir='ltr'><strong>cst</strong></span> <span class='ocrx_word' id='word_1_125' title='bbox 995 1384 1073 1465; x_wconf 91' lang='lat' dir='ltr'><strong>quod</strong></span> <span class='ocrx_word' id='word_1_126' title='bbox 1095 1383 1142 1444; x_wconf 89' lang='lat' dir='ltr'><strong>ad·</strong></span> 
     </span>
     <span class='ocr_line' id='line_1_16' title="bbox 148 1468 1177 1551; baseline -0.001 -21"><span class='ocrx_word' id='word_1_127' title='bbox 148 1488 235 1531; x_wconf 86' lang='lat' dir='ltr'><strong>verso</strong></span> <span class='ocrx_word' id='word_1_128' title='bbox 259 1471 348 1530; x_wconf 92' lang='lat' dir='ltr'><strong>semel</strong></span> <span class='ocrx_word' id='word_1_129' title='bbox 371 1471 445 1550; x_wconf 91' lang='lat' dir='ltr'><strong>apud</strong></span> <span class='ocrx_word' id='word_1_130' title='bbox 458 1472 667 1548; x_wconf 69' lang='lat' dir='ltr'><strong>Dyrrhachium</strong></span> <span class='ocrx_word' id='word_1_131' title='bbox 686 1471 800 1551; x_wconf 92' lang='lat' dir='ltr'><strong>proelio</strong></span> <span class='ocrx_word' id='word_1_132' title='bbox 819 1489 944 1551; x_wconf 90' lang='lat' dir='ltr'><strong>poenam</strong></span> <span class='ocrx_word' id='word_1_133' title='bbox 964 1473 993 1532; x_wconf 93' lang='lat' dir='ltr'><strong>in</strong></span> <span class='ocrx_word' id='word_1_134' title='bbox 1012 1488 1046 1529; x_wconf 92' lang='lat' dir='ltr'><strong>se</strong></span> <span class='ocrx_word' id='word_1_135' title='bbox 1065 1468 1143 1530; x_wconf 90' lang='lat' dir='ltr'><strong>ultro</strong></span> <span class='ocrx_word' id='word_1_136' title='bbox 1153 1489 1177 1529; x_wconf 85' lang='lat' dir='ltr'><strong>1c</strong></span> 
     </span>
    </p>

    <p class='ocr_par' dir='ltr' id='par_1_4' title="bbox 102 1549 1183 2806">
     <span class='ocr_line' id='line_1_17' title="bbox 102 1549 1144 1634; baseline 0.002 -24"><span class='ocrx_word' id='word_1_137' title='bbox 102 1605 104 1610; x_wconf 90' lang='lat'><em>.</em></span> <span class='ocrx_word' id='word_1_138' title='bbox 149 1555 402 1634; x_wconf 85' lang='lat' dir='ltr'><strong>depoposcerunt,</strong></span> <span class='ocrx_word' id='word_1_139' title='bbox 422 1565 453 1615; x_wconf 91' lang='lat' dir='ltr'><strong>ut</strong></span> <span class='ocrx_word' id='word_1_140' title='bbox 474 1549 670 1616; x_wconf 88' lang='lat' dir='ltr'><strong>consolandos</strong></span> <span class='ocrx_word' id='word_1_141' title='bbox 691 1573 745 1616; x_wconf 90' lang='lat' dir='ltr'><strong>eos</strong></span> <span class='ocrx_word' id='word_1_142' title='bbox 766 1556 1037 1634; x_wconf 85' lang='lat' dir='ltr'><strong>magisimperator</strong></span> <span class='ocrx_word' id='word_1_143' title='bbox 1060 1569 1144 1632; x_wconf 90' lang='lat' dir='ltr'><strong>quam</strong></span> 
     </span>
     <span class='ocr_line' id='line_1_18' title="bbox 148 1637 1148 1719; baseline 0.001 -24"><span class='ocrx_word' id='word_1_144' title='bbox 148 1637 309 1718; x_wconf 89' lang='lat' dir='ltr'><strong>puniendos</strong></span> <span class='ocrx_word' id='word_1_145' title='bbox 325 1637 466 1699; x_wconf 84' lang='lat' dir='ltr'><strong>habuerit.</strong></span> <span class='ocrx_word' id='word_1_146' title='bbox 509 1637 624 1700; x_wconf 83' lang='lat' dir='ltr'><strong>Ceteris</strong></span> <span class='ocrx_word' id='word_1_147' title='bbox 639 1639 767 1719; x_wconf 88' lang='lat' dir='ltr'><strong>proeliis.</strong></span> <span class='ocrx_word' id='word_1_148' title='bbox 780 1641 942 1698; x_wconf 90' lang='lat' dir='ltr'><strong>innumeras</strong></span> <span class='ocrx_word' id='word_1_149' title='bbox 962 1637 1148 1698; x_wconf 81' lang='lat' dir='ltr'><strong>adversario·</strong></span> 
     </span>
     <span class='ocr_line' id='line_1_19' title="bbox 148 1722 1144 1804; baseline -0.002 -24"><span class='ocrx_word' id='word_1_150' title='bbox 148 1739 210 1781; x_wconf 88' lang='lat' dir='ltr'><strong>rum</strong></span> <span class='ocrx_word' id='word_1_151' title='bbox 225 1723 342 1800; x_wconf 91' lang='lat' dir='ltr'><strong>copias,</strong></span> <span class='ocrx_word' id='word_1_152' title='bbox 355 1722 449 1782; x_wconf 89' lang='lat' dir='ltr'><strong>multis</strong></span> <span class='ocrx_word' id='word_1_153' title='bbox 464 1723 592 1802; x_wconf 90' lang='lat' dir='ltr'><strong>partibus</strong></span> <span class='ocrx_word' id='word_1_154' title='bbox 607 1726 662 1804; x_wconf 91' lang='lat' dir='ltr'><strong>ipsi</strong></span> <span class='ocrx_word' id='word_1_155' title='bbox 676 1725 845 1803; x_wconf 86' lang='lat' dir='ltr'><strong>pauciores,</strong></span> <span class='ocrx_word' id='word_1_156' title='bbox 858 1723 946 1783; x_wconf 86' lang='lat' dir='ltr'><strong>iacilc</strong></span> <span class='ocrx_word' id='word_1_157' title='bbox 961 1728 1144 1800; x_wconf 89' lang='lat' dir='ltr'><strong>superarunt.</strong></span> 
     </span>
     <span class='ocr_line' id='line_1_20' title="bbox 147 1804 1144 1888; baseline 0 -24"><span class='ocrx_word' id='word_1_158' title='bbox 147 1805 278 1884; x_wconf 84' lang='lat' dir='ltr'><strong>Denique</strong></span> <span class='ocrx_word' id='word_1_159' title='bbox 295 1823 349 1866; x_wconf 92' lang='lat' dir='ltr'><strong>una</strong></span> <span class='ocrx_word' id='word_1_160' title='bbox 363 1815 464 1868; x_wconf 87' lang='lat' dir='ltr'><strong>sextae</strong></span> <span class='ocrx_word' id='word_1_161' title='bbox 479 1807 605 1886; x_wconf 80' lang='lat' dir='ltr'><strong>legionis</strong></span> <span class='ocrx_word' id='word_1_162' title='bbox 621 1808 728 1869; x_wconf 88' lang='lat' dir='ltr'><strong>cohors</strong></span> <span class='ocrx_word' id='word_1_163' title='bbox 743 1808 911 1888; x_wconf 91' lang='lat' dir='ltr'><strong>praeposita</strong></span> <span class='ocrx_word' id='word_1_164' title='bbox 927 1804 1144 1883; x_wconf 83' lang='lat' dir='ltr'><strong>castelloquat·</strong></span> 
     </span>
     <span class='ocr_line' id='line_1_21' title="bbox 148 1890 1178 1973; baseline -0.006 -23"><span class='ocrx_word' id='word_1_165' title='bbox 148 1900 214 1950; x_wconf 89' lang='lat' dir='ltr'><strong>tuor</strong></span> <span class='ocrx_word' id='word_1_166' title='bbox 234 1890 353 1969; x_wconf 90' lang='lat' dir='ltr'><strong>Pompei</strong></span> <span class='ocrx_word' id='word_1_167' title='bbox 367 1892 503 1969; x_wconf 81' lang='lat' dir='ltr'><strong>legiones</strong></span> <span class='ocrx_word' id='word_1_168' title='bbox 516 1911 569 1973; x_wconf 87' lang='lat' dir='ltr'><strong>per</strong></span> <span class='ocrx_word' id='word_1_169' title='bbox 584 1893 694 1973; x_wconf 83' lang='lat' dir='ltr'><strong>aliquot</strong></span> <span class='ocrx_word' id='word_1_170' title='bbox 706 1892 793 1953; x_wconf 89' lang='lat' dir='ltr'><strong>horas</strong></span> <span class='ocrx_word' id='word_1_171' title='bbox 808 1893 960 1967; x_wconf 77' lang='lat' dir='ltr'><strong>sustinuit,</strong></span> <span class='ocrx_word' id='word_1_172' title='bbox 977 1907 1071 1969; x_wconf 89' lang='lat' dir='ltr'><strong>paene</strong></span> <span class='ocrx_word' id='word_1_173' title='bbox 1084 1906 1144 1947; x_wconf 86' lang='lat' dir='ltr'><strong>om·</strong></span> <span class='ocrx_word' id='word_1_174' title='bbox 1153 1903 1178 1943; x_wconf 81' lang='lat' dir='ltr'><strong>uo</strong></span> 
     </span>
     <span class='ocr_line' id='line_1_22' title="bbox 148 1972 1145 2055; baseline -0.002 -22"><span class='ocrx_word' id='word_1_175' title='bbox 148 1976 192 2033; x_wconf 93' lang='lat' dir='ltr'><strong>nis</strong></span> <span class='ocrx_word' id='word_1_176' title='bbox 209 1972 323 2035; x_wconf 82' lang='lat' dir='ltr'><strong>confixa</strong></span> <span class='ocrx_word' id='word_1_177' title='bbox 341 1976 517 2038; x_wconf 89' lang='lat' dir='ltr'><strong>multitudine</strong></span> <span class='ocrx_word' id='word_1_178' title='bbox 532 1975 678 2038; x_wconf 89' lang='lat' dir='ltr'><strong>hostilium</strong></span> <span class='ocrx_word' id='word_1_179' title='bbox 693 1979 876 2054; x_wconf 85' lang='lat' dir='ltr'><strong>sagittarum,</strong></span> <span class='ocrx_word' id='word_1_180' title='bbox 898 1991 1015 2055; x_wconf 88' lang='lat' dir='ltr'><strong>quarum</strong></span> <span class='ocrx_word' id='word_1_181' title='bbox 1031 1981 1145 2034; x_wconf 93' lang='lat' dir='ltr'><strong>centnm</strong></span> 
     </span>
     <span class='ocr_line' id='line_1_23' title="bbox 149 2056 1145 2140; baseline -0.004 -23"><span class='ocrx_word' id='word_1_182' title='bbox 149 2074 185 2117; x_wconf 91' lang='lat' dir='ltr'><strong>ac</strong></span> <span class='ocrx_word' id='word_1_183' title='bbox 203 2058 319 2133; x_wconf 89' lang='lat' dir='ltr'><strong>triginta</strong></span> <span class='ocrx_word' id='word_1_184' title='bbox 339 2059 416 2119; x_wconf 91' lang='lat' dir='ltr'><strong>milia</strong></span> <span class='ocrx_word' id='word_1_185' title='bbox 434 2062 507 2123; x_wconf 91' lang='lat' dir='ltr'><strong>intra</strong></span> <span class='ocrx_word' id='word_1_186' title='bbox 528 2061 634 2122; x_wconf 88' lang='lat' dir='ltr'><strong>vallum</strong></span> <span class='ocrx_word' id='word_1_187' title='bbox 652 2069 769 2140; x_wconf 87' lang='lat' dir='ltr'><strong>reperta</strong></span> <span class='ocrx_word' id='word_1_188' title='bbox 789 2068 863 2119; x_wconf 89' lang='lat' dir='ltr'><strong>sunt.</strong></span> <span class='ocrx_word' id='word_1_189' title='bbox 897 2059 962 2119; x_wconf 87' lang='lat' dir='ltr'><strong>Nec</strong></span> <span class='ocrx_word' id='word_1_190' title='bbox 980 2060 1094 2132; x_wconf 86' lang='lat' dir='ltr'><strong>mirum,</strong></span> <span class='ocrx_word' id='word_1_191' title='bbox 1120 2056 1145 2114; x_wconf 87' lang='lat' dir='ltr'><strong>si</strong></span> 
     </span>
     <span class='ocr_line' id='line_1_24' title="bbox 150 2140 1145 2223; baseline 0.002 -26"><span class='ocrx_word' id='word_1_192' title='bbox 150 2141 213 2218; x_wconf 90' lang='lat' dir='ltr'><strong>quis</strong></span> <span class='ocrx_word' id='word_1_193' title='bbox 234 2140 410 2216; x_wconf 87' lang='lat' dir='ltr'><strong>singulorum</strong></span> <span class='ocrx_word' id='word_1_194' title='bbox 436 2142 512 2204; x_wconf 85' lang='lat' dir='ltr'><strong>iacta</strong></span> <span class='ocrx_word' id='word_1_195' title='bbox 536 2146 689 2223; x_wconf 90' lang='lat' dir='ltr'><strong>respiciat,</strong></span> <span class='ocrx_word' id='word_1_196' title='bbox 717 2142 765 2204; x_wconf 87' lang='lat' dir='ltr'><strong>vel</strong></span> <span class='ocrx_word' id='word_1_197' title='bbox 789 2142 871 2204; x_wconf 82' lang='lat' dir='ltr'><strong>Cassi</strong></span> <span class='ocrx_word' id='word_1_198' title='bbox 891 2144 1021 2202; x_wconf 84' lang='lat' dir='ltr'><strong>Scaevae</strong></span> <span class='ocrx_word' id='word_1_199' title='bbox 1046 2149 1145 2200; x_wconf 90' lang='lat' dir='ltr'><strong>centu·</strong></span> 
     </span>
     <span class='ocr_line' id='line_1_25' title="bbox 149 2222 1146 2306; baseline 0.004 -25"><span class='ocrx_word' id='word_1_200' title='bbox 149 2222 239 2281; x_wconf 89' lang='lat' dir='ltr'><strong>rionis</strong></span> <span class='ocrx_word' id='word_1_201' title='bbox 257 2223 304 2281; x_wconf 88' lang='lat' dir='ltr'><strong>vel</strong></span> <span class='ocrx_word' id='word_1_202' title='bbox 321 2222 372 2283; x_wconf 85' lang='lat' dir='ltr'><strong>Gai</strong></span> <span class='ocrx_word' id='word_1_203' title='bbox 386 2223 463 2285; x_wconf 82' lang='lat' dir='ltr'><strong>Acili</strong></span> <span class='ocrx_word' id='word_1_204' title='bbox 477 2227 591 2303; x_wconf 90' lang='lat' dir='ltr'><strong>militis,</strong></span> <span class='ocrx_word' id='word_1_205' title='bbox 608 2246 646 2286; x_wconf 92' lang='lat' dir='ltr'><strong>ne</strong></span> <span class='ocrx_word' id='word_1_206' title='bbox 662 2227 697 2288; x_wconf 90' lang='lat' dir='ltr'><strong>de</strong></span> <span class='ocrx_word' id='word_1_207' title='bbox 710 2226 839 2306; x_wconf 91' lang='lat' dir='ltr'><strong>pluribus</strong></span> <span class='ocrx_word' id='word_1_208' title='bbox 853 2227 986 2287; x_wconf 79' lang='lat' dir='ltr'><strong>referam.</strong></span> <span class='ocrx_word' id='word_1_209' title='bbox 1000 2245 1006 2252; x_wconf 82' lang='lat'><em>·</em></span> <span class='ocrx_word' id='word_1_210' title='bbox 1021 2227 1146 2299; x_wconf 89' lang='lat' dir='ltr'><strong>Scaeva,</strong></span> 
     </span>
     <span class='ocr_line' id='line_1_26' title="bbox 150 2306 1181 2388; baseline 0.001 -22"><span class='ocrx_word' id='word_1_211' title='bbox 150 2322 275 2366; x_wconf 82' lang='lat' dir='ltr'><strong>excusso</strong></span> <span class='ocrx_word' id='word_1_212' title='bbox 298 2306 400 2383; x_wconf 90' lang='lat' dir='ltr'><strong>oculo,</strong></span> <span class='ocrx_word' id='word_1_213' title='bbox 419 2310 571 2370; x_wconf 83' lang='lat' dir='ltr'><strong>transfixus</strong></span> <span class='ocrx_word' id='word_1_214' title='bbox 592 2311 704 2371; x_wconf 84' lang='lat' dir='ltr'><strong>femore</strong></span> <span class='ocrx_word' id='word_1_215' title='bbox 723 2320 753 2370; x_wconf 90' lang='lat' dir='ltr'><strong>ct</strong></span> <span class='ocrx_word' id='word_1_216' title='bbox 772 2310 904 2388; x_wconf 89' lang='lat' dir='ltr'><strong>humero,</strong></span> <span class='ocrx_word' id='word_1_217' title='bbox 927 2317 1039 2369; x_wconf 88' lang='lat' dir='ltr'><strong>centnm</strong></span> <span class='ocrx_word' id='word_1_218' title='bbox 1055 2317 1085 2368; x_wconf 90' lang='lat' dir='ltr'><strong>et</strong></span> <span class='ocrx_word' id='word_1_219' title='bbox 1104 2308 1181 2369; x_wconf 78' lang='lat' dir='ltr'><strong>ries</strong></span> 
     </span>
     <span class='ocr_line' id='line_1_27' title="bbox 149 2388 1146 2475; baseline 0.004 -27"><span class='ocrx_word' id='word_1_220' title='bbox 149 2389 220 2467; x_wconf 89' lang='lat' dir='ltr'><strong>ginti</strong></span> <span class='ocrx_word' id='word_1_221' title='bbox 240 2388 344 2475; x_wconf 83' lang='lat' dir='ltr'><strong>ictibns</strong></span> <span class='ocrx_word' id='word_1_222' title='bbox 365 2399 447 2451; x_wconf 89' lang='lat' dir='ltr'><strong>scuto</strong></span> <span class='ocrx_word' id='word_1_223' title='bbox 464 2393 630 2472; x_wconf 81' lang='lat' dir='ltr'><strong>perforato,</strong></span> <span class='ocrx_word' id='word_1_224' title='bbox 647 2394 804 2455; x_wconf 86' lang='lat' dir='ltr'><strong>custodiam</strong></span> <span class='ocrx_word' id='word_1_225' title='bbox 819 2405 922 2475; x_wconf 88' lang='lat' dir='ltr'><strong>portae</strong></span> <span class='ocrx_word' id='word_1_226' title='bbox 938 2394 1083 2454; x_wconf 89' lang='lat' dir='ltr'><strong>commissi</strong></span> <span class='ocrx_word' id='word_1_227' title='bbox 1099 2410 1146 2452; x_wconf 90' lang='lat' dir='ltr'><strong>ca-</strong></span> 
     </span>
     <span class='ocr_line' id='line_1_28' title="bbox 150 2472 1148 2558; baseline 0.002 -26"><span class='ocrx_word' id='word_1_228' title='bbox 150 2472 227 2534; x_wconf 91' lang='lat' dir='ltr'><strong>stelli</strong></span> <span class='ocrx_word' id='word_1_229' title='bbox 243 2474 367 2534; x_wconf 87' lang='lat' dir='ltr'><strong>retinuit.</strong></span> <span class='ocrx_word' id='word_1_230' title='bbox 405 2474 526 2547; x_wconf 59' lang='lat' dir='ltr'><strong>Acilius,</strong></span> <span class='ocrx_word' id='word_1_231' title='bbox 538 2478 633 2539; x_wconf 85' lang='lat' dir='ltr'><strong>navali</strong></span> <span class='ocrx_word' id='word_1_232' title='bbox 653 2478 689 2539; x_wconf 93' lang='lat' dir='ltr'><strong>ad</strong></span> <span class='ocrx_word' id='word_1_233' title='bbox 709 2479 865 2539; x_wconf 85' lang='lat' dir='ltr'><strong>llassiliam</strong></span> <span class='ocrx_word' id='word_1_234' title='bbox 883 2478 1016 2558; x_wconf 91' lang='lat' dir='ltr'><strong>proelio,</strong></span> <span class='ocrx_word' id='word_1_235' title='bbox 1039 2476 1148 2535; x_wconf 92' lang='lat' dir='ltr'><strong>iniecta</strong></span> 
     </span>
     <span class='ocr_line' id='line_1_29' title="bbox 149 2556 1149 2640; baseline 0.002 -24"><span class='ocrx_word' id='word_1_236' title='bbox 149 2559 178 2616; x_wconf 94' lang='lat' dir='ltr'><strong>in</strong></span> <span class='ocrx_word' id='word_1_237' title='bbox 193 2564 319 2637; x_wconf 90' lang='lat' dir='ltr'><strong>puppem</strong></span> <span class='ocrx_word' id='word_1_238' title='bbox 332 2556 456 2619; x_wconf 91' lang='lat' dir='ltr'><strong>hostium</strong></span> <span class='ocrx_word' id='word_1_239' title='bbox 468 2560 590 2623; x_wconf 82' lang='lat' dir='ltr'><strong>dextera</strong></span> <span class='ocrx_word' id='word_1_240' title='bbox 603 2572 633 2623; x_wconf 91' lang='lat' dir='ltr'><strong>et</strong></span> <span class='ocrx_word' id='word_1_241' title='bbox 646 2561 776 2639; x_wconf 87' lang='lat' dir='ltr'><strong>abscisa,</strong></span> <span class='ocrx_word' id='word_1_242' title='bbox 787 2560 974 2623; x_wconf 89' lang='lat' dir='ltr'><strong>memorabile</strong></span> <span class='ocrx_word' id='word_1_243' title='bbox 986 2559 1057 2621; x_wconf 91' lang='lat' dir='ltr'><strong>illud</strong></span> <span class='ocrx_word' id='word_1_244' title='bbox 1072 2557 1149 2640; x_wconf 86' lang='lat' dir='ltr'><strong>apud</strong></span> 
     </span>
     <span class='ocr_line' id='line_1_30' title="bbox 151 2639 1148 2726; baseline 0.004 -27"><span class='ocrx_word' id='word_1_245' title='bbox 151 2641 280 2701; x_wconf 88' lang='lat' dir='ltr'><strong>Graecos</strong></span> <span class='ocrx_word' id='word_1_246' title='bbox 305 2639 461 2721; x_wconf 72' lang='lat' dir='ltr'><strong>Cynaegiri</strong></span> <span class='ocrx_word' id='word_1_247' title='bbox 475 2646 643 2726; x_wconf 83' lang='lat' dir='ltr'><strong>&#39;exemplum</strong></span> <span class='ocrx_word' id='word_1_248' title='bbox 661 2648 800 2725; x_wconf 88' lang='lat' dir='ltr'><strong>imitatus,</strong></span> <span class='ocrx_word' id='word_1_249' title='bbox 823 2645 964 2706; x_wconf 89' lang='lat' dir='ltr'><strong>transiluit</strong></span> <span class='ocrx_word' id='word_1_250' title='bbox 983 2645 1013 2704; x_wconf 90' lang='lat' dir='ltr'><strong>in</strong></span> <span class='ocrx_word' id='word_1_251' title='bbox 1033 2662 1148 2720; x_wconf 81' lang='lat' dir='ltr'><strong>navem,</strong></span> 
     </span>
     <span class='ocr_line' id='line_1_31' title="bbox 150 2723 1183 2806; baseline 0.007 -25"><span class='ocrx_word' id='word_1_252' title='bbox 150 2723 274 2785; x_wconf 89' lang='lat' dir='ltr'><strong>umbone</strong></span> <span class='ocrx_word' id='word_1_253' title='bbox 293 2724 397 2787; x_wconf 88' lang='lat' dir='ltr'><strong>obvios</strong></span> <span class='ocrx_word' id='word_1_254' title='bbox 412 2747 513 2806; x_wconf 89' lang='lat' dir='ltr'><strong>agens.</strong></span> <span class='ocrx_word' id='word_1_255' title='bbox 1157 2747 1183 2788; x_wconf 82' lang='lat' dir='ltr'><strong>ao</strong></span> 
     </span>
    </p>

    <p class='ocr_par' dir='ltr' id='par_1_5' title="bbox 109 2807 1190 3228">
     <span class='ocr_line' id='line_1_32' title="bbox 109 2807 1149 2891; baseline 0.005 -25"><span class='ocrx_word' id='word_1_256' title='bbox 109 2820 142 2875; x_wconf 82' lang='lat'><strong>69</strong></span> <span class='ocrx_word' id='word_1_257' title='bbox 213 2807 390 2869; x_wconf 88' lang='lat' dir='ltr'><strong>Seditionem</strong></span> <span class='ocrx_word' id='word_1_258' title='bbox 402 2830 456 2891; x_wconf 92' lang='lat' dir='ltr'><strong>per</strong></span> <span class='ocrx_word' id='word_1_259' title='bbox 469 2812 570 2873; x_wconf 90' lang='lat' dir='ltr'><strong>decem</strong></span> <span class='ocrx_word' id='word_1_260' title='bbox 581 2831 672 2874; x_wconf 91' lang='lat' dir='ltr'><strong>annos</strong></span> <span class='ocrx_word' id='word_1_261' title='bbox 684 2814 803 2876; x_wconf 80' lang='lat' dir='ltr'><strong>Gallicis</strong></span> <span class='ocrx_word' id='word_1_262' title='bbox 815 2813 900 2873; x_wconf 90' lang='lat' dir='ltr'><strong>bellis</strong></span> <span class='ocrx_word' id='word_1_263' title='bbox 911 2813 1017 2873; x_wconf 90' lang='lat' dir='ltr'><strong>nnllam</strong></span> <span class='ocrx_word' id='word_1_264' title='bbox 1029 2812 1149 2871; x_wconf 92' lang='lat' dir='ltr'><strong>omnino</strong></span> 
     </span>
     <span class='ocr_line' id='line_1_33' title="bbox 150 2894 1149 2977; baseline 0.01 -32"><span class='ocrx_word' id='word_1_265' title='bbox 150 2900 318 2967; x_wconf 89' lang='lat' dir='ltr'><strong>moverunt,</strong></span> <span class='ocrx_word' id='word_1_266' title='bbox 341 2894 473 2959; x_wconf 89' lang='lat' dir='ltr'><strong>civilibus</strong></span> <span class='ocrx_word' id='word_1_267' title='bbox 494 2897 618 2977; x_wconf 89' lang='lat' dir='ltr'><strong>aliquas,</strong></span> <span class='ocrx_word' id='word_1_268' title='bbox 640 2897 738 2958; x_wconf 87' lang='lat' dir='ltr'><strong>sedat</strong></span> <span class='ocrx_word' id='word_1_269' title='bbox 754 2898 890 2958; x_wconf 90' lang='lat' dir='ltr'><strong>celeriter</strong></span> <span class='ocrx_word' id='word_1_270' title='bbox 906 2896 942 2957; x_wconf 88' lang='lat' dir='ltr'><strong>ad</strong></span> <span class='ocrx_word' id='word_1_271' title='bbox 957 2897 1085 2957; x_wconf 89' lang='lat' dir='ltr'><strong>cilicium</strong></span> <span class='ocrx_word' id='word_1_272' title='bbox 1101 2913 1149 2955; x_wconf 89' lang='lat' dir='ltr'><strong>re·</strong></span> 
     </span>
     <span class='ocr_line' id='line_1_34' title="bbox 151 2970 1151 3069; baseline 0.011 -41"><span class='ocrx_word' id='word_1_273' title='bbox 151 2970 269 3069; x_wconf 81' lang='lat' dir='ltr'><strong>dierint,</strong></span> <span class='ocrx_word' id='word_1_274' title='bbox 291 2992 347 3033; x_wconf 89' lang='lat' dir='ltr'><strong>nec</strong></span> <span class='ocrx_word' id='word_1_275' title='bbox 369 2984 425 3036; x_wconf 90' lang='lat' dir='ltr'><strong>tam</strong></span> <span class='ocrx_word' id='word_1_276' title='bbox 446 2978 623 3057; x_wconf 86' lang='lat' dir='ltr'><strong>indulgentia</strong></span> <span class='ocrx_word' id='word_1_277' title='bbox 649 2979 730 3040; x_wconf 90' lang='lat' dir='ltr'><strong>ducis</strong></span> <span class='ocrx_word' id='word_1_278' title='bbox 755 3000 838 3060; x_wconf 86' lang='lat' dir='ltr'><strong>quam</strong></span> <span class='ocrx_word' id='word_1_279' title='bbox 861 2983 1044 3041; x_wconf 88' lang='lat' dir='ltr'><strong>auctoritate.</strong></span> <span class='ocrx_word' id='word_1_280' title='bbox 1079 2978 1151 3040; x_wconf 86' lang='lat' dir='ltr'><strong>Non</strong></span> 
     </span>
     <span class='ocr_line' id='line_1_35' title="bbox 151 3058 1190 3143; baseline 0.009 -30"><span class='ocrx_word' id='word_1_281' title='bbox 151 3070 225 3113; x_wconf 90' lang='lat' dir='ltr'><strong>enrm</strong></span> <span class='ocrx_word' id='word_1_282' title='bbox 240 3058 329 3115; x_wconf 88' lang='lat' dir='ltr'><strong>cessit</strong></span> <span class='ocrx_word' id='word_1_283' title='bbox 344 3076 474 3139; x_wconf 90' lang='lat' dir='ltr'><strong>umquam</strong></span> <span class='ocrx_word' id='word_1_284' title='bbox 487 3064 719 3143; x_wconf 87' lang='lat' dir='ltr'><strong>tumultuantibus</strong></span> <span class='ocrx_word' id='word_1_285' title='bbox 736 3075 821 3143; x_wconf 89' lang='lat' dir='ltr'><strong>atque</strong></span> <span class='ocrx_word' id='word_1_286' title='bbox 837 3066 921 3125; x_wconf 90' lang='lat' dir='ltr'><strong>etiam</strong></span> <span class='ocrx_word' id='word_1_287' title='bbox 941 3064 1057 3125; x_wconf 79' lang='lat' dir='ltr'><strong>obviam</strong></span> <span class='ocrx_word' id='word_1_288' title='bbox 1072 3081 1149 3123; x_wconf 91' lang='lat' dir='ltr'><strong>sem·</strong></span> <span class='ocrx_word' id='word_1_289' title='bbox 1184 3099 1190 3105; x_wconf 92' lang='lat'><em>-</em></span> 
     </span>
     <span class='ocr_line' id='line_1_36' title="bbox 149 3140 1185 3228; baseline 0.014 -32"><span class='ocrx_word' id='word_1_290' title='bbox 149 3154 204 3216; x_wconf 90' lang='lat' dir='ltr'><strong>per</strong></span> <span class='ocrx_word' id='word_1_291' title='bbox 224 3140 269 3208; x_wconf 90' lang='lat' dir='ltr'><strong>iit;</strong></span> <span class='ocrx_word' id='word_1_292' title='bbox 292 3148 322 3199; x_wconf 87' lang='lat' dir='ltr'><strong>et</strong></span> <span class='ocrx_word' id='word_1_293' title='bbox 340 3159 443 3203; x_wconf 90' lang='lat' dir='ltr'><strong>nonam</strong></span> <span class='ocrx_word' id='word_1_294' title='bbox 458 3148 571 3224; x_wconf 90' lang='lat' dir='ltr'><strong>quidem</strong></span> <span class='ocrx_word' id='word_1_295' title='bbox 589 3147 736 3223; x_wconf 88' lang='lat' dir='ltr'><strong>legionem</strong></span> <span class='ocrx_word' id='word_1_296' title='bbox 753 3148 827 3228; x_wconf 91' lang='lat' dir='ltr'><strong>apud</strong></span> <span class='ocrx_word' id='word_1_297' title='bbox 840 3148 1029 3224; x_wconf 87' lang='lat' dir='ltr'><strong>Placentiam,</strong></span> <span class='ocrx_word' id='word_1_298' title='bbox 1051 3164 1185 3226; x_wconf 80' lang='lat' dir='ltr'><strong>qnam-ac</strong></span> 
     </span>
    </p>

    <p class='ocr_par' dir='ltr' id='par_1_6' title="bbox 108 3223 1152 3476">
     <span class='ocr_line' id='line_1_37' title="bbox 133 3223 1151 3309; baseline 0.008 -26"><span class='ocrx_word' id='word_1_299' title='bbox 133 3239 233 3298; x_wconf 61' lang='lat' dir='ltr'><strong>‚mam</strong></span> <span class='ocrx_word' id='word_1_300' title='bbox 253 3223 381 3284; x_wconf 89' lang='lat' dir='ltr'><strong>inarmis</strong></span> <span class='ocrx_word' id='word_1_301' title='bbox 400 3226 493 3287; x_wconf 90' lang='lat' dir='ltr'><strong>adhuc</strong></span> <span class='ocrx_word' id='word_1_302' title='bbox 508 3229 662 3309; x_wconf 88' lang='lat' dir='ltr'><strong>Pompeius</strong></span> <span class='ocrx_word' id='word_1_303' title='bbox 683 3240 777 3309; x_wconf 90' lang='lat' dir='ltr'><strong>esset,</strong></span> <span class='ocrx_word' id='word_1_304' title='bbox 798 3242 888 3293; x_wconf 89' lang='lat' dir='ltr'><strong>totam</strong></span> <span class='ocrx_word' id='word_1_305' title='bbox 904 3250 968 3292; x_wconf 92' lang='lat' dir='ltr'><strong>cum</strong></span> <span class='ocrx_word' id='word_1_306' title='bbox 988 3233 1151 3309; x_wconf 85' lang='lat' dir='ltr'><strong>ignominia</strong></span> 
     </span>
     <span class='ocr_line' id='line_1_38' title="bbox 150 3306 1152 3396; baseline 0.012 -33"><span class='ocrx_word' id='word_1_307' title='bbox 150 3306 264 3366; x_wconf 91' lang='lat' dir='ltr'><strong>missam</strong></span> <span class='ocrx_word' id='word_1_308' title='bbox 282 3306 353 3367; x_wconf 88' lang='lat' dir='ltr'><strong>lecit</strong></span> <span class='ocrx_word' id='word_1_309' title='bbox 371 3327 519 3388; x_wconf 87' lang='lat' dir='ltr'><strong>aegreque</strong></span> <span class='ocrx_word' id='word_1_310' title='bbox 537 3323 605 3391; x_wconf 94' lang='lat' dir='ltr'><strong>post</strong></span> <span class='ocrx_word' id='word_1_311' title='bbox 619 3314 721 3375; x_wconf 90' lang='lat' dir='ltr'><strong>multas</strong></span> <span class='ocrx_word' id='word_1_312' title='bbox 742 3323 771 3375; x_wconf 89' lang='lat' dir='ltr'><strong>et</strong></span> <span class='ocrx_word' id='word_1_313' title='bbox 790 3317 931 3396; x_wconf 90' lang='lat' dir='ltr'><strong>supplicis</strong></span> <span class='ocrx_word' id='word_1_314' title='bbox 951 3334 1072 3395; x_wconf 87' lang='lat' dir='ltr'><strong>preces,</strong></span> <span class='ocrx_word' id='word_1_315' title='bbox 1091 3332 1152 3375; x_wconf 91' lang='lat' dir='ltr'><strong>nec</strong></span> 
     </span>
     <span class='ocr_line' id='line_1_39' title="bbox 108 3390 1152 3476; baseline 0.01 -27"><span class='ocrx_word' id='word_1_316' title='bbox 108 3390 203 3461; x_wconf 82' lang='lat' dir='ltr'><strong>tonici</strong></span> <span class='ocrx_word' id='word_1_317' title='bbox 225 3398 328 3454; x_wconf 86' lang='lat' dir='ltr'><strong>exacta</strong></span> <span class='ocrx_word' id='word_1_318' title='bbox 351 3391 387 3455; x_wconf 89' lang='lat' dir='ltr'><strong>de</strong></span> <span class='ocrx_word' id='word_1_319' title='bbox 414 3393 544 3455; x_wconf 91' lang='lat' dir='ltr'><strong>sontibus</strong></span> <span class='ocrx_word' id='word_1_320' title='bbox 565 3415 674 3476; x_wconf 89' lang='lat' dir='ltr'><strong>poena,</strong></span> <span class='ocrx_word' id='word_1_321' title='bbox 700 3401 839 3470; x_wconf 88' lang='lat' dir='ltr'><strong>restituit;</strong></span> <span class='ocrx_word' id='word_1_322' title='bbox 853 3400 1032 3463; x_wconf 87' lang='lat' dir='ltr'><strong>&#39;decimanos</strong></span> <span class='ocrx_word' id='word_1_323' title='bbox 1052 3408 1152 3460; x_wconf 86' lang='lat' dir='ltr'><strong>autem</strong></span> 
     </span>
    </p>
   </div>
   <div class='ocr_carea' id='block_1_3' title="bbox 0 0 1249 3775">
    <p class='ocr_par' dir='ltr' id='par_1_7' title="bbox 0 0 1249 3775">
     <span class='ocr_line' id='line_1_40' title="bbox 0 0 1249 3775; baseline 0 0"><span class='ocrx_word' id='word_1_324' title='bbox 0 0 1249 3775; x_wconf 95' lang='lat' dir='ltr'><strong> </strong></span> 
     </span>
    </p>
   </div>
  </div>
 </body>
</html>
