2475 3775
129 184 190 246 180
231 195 261 243 c.
275 194 424 243 annuum
438 183 566 254 unm·
581 192 628 238 nn
644 189 725 238 vrrs
743 191 927 240 omassum
943 191 1013 239 ue.
1026 192 1073 238 vn

130 351 306 411 sissimurum
319 357 480 426 temporum
494 355 574 423 sunt,
595 346 663 422 cogi
677 346 706 404 iu
724 363 808 404 unum
822 363 940 430 annum,
957 345 1122 424 quibusdam
1227 393 1228 398 ,

53 493 58 496 .
130 436 216 495 etiam
229 433 354 507 iteratis,
375 432 474 507 iussit,
490 439 519 490 et
535 428 687 507 Olympiae
703 447 819 508 quoqne
837 438 953 508 praeter
972 439 1121 488 consuetu·
1227 477 1228 502 ,

130 519 223 578 dinem
248 517 386 576 musicum
412 532 507 592 agona
536 514 686 575 commisit.
730 511 776 574 Ac
805 513 931 592 nequid
955 513 1122 574 circataee

131 609 302 680 occupatum
314 608 453 660 avocaret
467 598 658 672 debueratne,
678 615 741 656 cum
754 599 920 677 praesentia
935 597 997 655 eins
1008 595 1122 657 urbicas
1223 529 1228 686 i

98 682 103 708 '
129 703 179 746 res
193 702 284 761 egere
299 701 317 743 a
330 682 436 742 liberto
449 681 535 742 Helio
548 681 765 757 admoneretur,
783 681 936 758 rescripsit
948 679 993 740 bis
1008 680 1143 740 verbim

193 766 342 841 momnis
363 784 445 826 uene
468 772 550 826 neum
570 765 730 826 eonsilium
750 765 793 825 eit
813 772 842 824 et
862 771 964 824 cubum
985 765 1122 825 celeriter

130 852 246 915 reuerti
258 870 315 927 me,
333 857 435 910 tumen
446 849 581 910 eunden
597 856 627 908 et
641 857 752 928 optare
766 849 872 927 potius
887 847 997 925 debes,
1015 855 1051 908 et
1062 846 1120 909 Ne·

130 954 208 999 rone
222 934 333 1014 utem
350 940 501 1000 recator.
633 979 641 999 .
1038 1009 1044 1018 ³

194 1018 334 1090 captante
354 1033 401 1094 eo,
419 1037 456 1077 ne
470 1019 636 1078 necessaria
652 1016 765 1098 quidem
783 1035 868 1077 cansa
885 1015 1031 1077 excedere
1046 1015 1122 1077 thea-
1224 1045 1228 1078 r

132 1112 178 1162 tro
191 1100 299 1160 licitum
314 1109 374 1178 est,
411 1100 511 1180 ltaque
528 1110 557 1160 et
575 1101 679 1160 enixae
695 1100 832 1180 quaedam
848 1102 877 1159 in
894 1099 1069 1180 spectaculis
1083 1100 1122 1159 di-
1132 1115 1155 1157 lu

133 1193 244 1259 cantu,
260 1184 385 1244 etmulti
401 1185 497 1245 taedio
514 1183 644 1245 audiendi
659 1185 859 1264 laudandique,
876 1179 981 1245 clausis
1002 1182 1124 1262 oppidu·
1227 1221 1228 1230 a

131 1286 193 1329 rum
209 1269 311 1347 portis,
327 1276 375 1328 ant
388 1269 483 1328 furtim
498 1267 650 1329 desiluisse
666 1267 702 1328 de
715 1286 796 1328 muro
814 1276 860 1328 aut
881 1277 973 1328 morte
997 1267 1125 1328 simulata

131 1351 234 1413 innere
245 1349 323 1412 elati.
352 1352 443 1428 Quam
454 1361 547 1412 autem
560 1353 673 1431 trepide
684 1355 828 1430 anxieque
840 1353 1005 1427 certaverit,
1022 1359 1126 1429 quanta

133 1435 362 1497 adversariorum
376 1435 578 1512 aemulatione,
595 1455 652 1516 quo
668 1445 744 1496 metu
756 1435 889 1512 iudicum,
901 1439 951 1494 vix
965 1433 1045 1494 credi
1062 1442 1126 1513 put·
1227 1443 1228 1448 ’

134 1529 187 1580 est.
230 1518 441 1596 Adversarius,
462 1521 543 1597 quasi
556 1519 643 1598 plane
666 1520 840 1580 conditionis
860 1519 1003 1595 eiusdem,
1024 1517 1159 1578 obser-1⁵
1227 1535 1228 1600 ζ

133 1620 215 1678 vare,
238 1611 370 1680 captare,
393 1603 529 1663 infamare
550 1613 684 1678 secreto,
714 1620 922 1682 nonnumquam
942 1621 980 1663 ex
1001 1619 1127 1662 occursu
1227 1601 1228 1674 i

133 1684 293 1746 maledictis
308 1685 469 1764 incessere,
494 1705 529 1748 ac
550 1688 574 1746 si
596 1688 643 1767 qui
665 1695 726 1746 arte
748 1687 973 1766 praecellerent,
996 1702 1125 1746 conrum-
1227 1683 1228 1750 i

134 1772 206 1849 'pere
224 1770 308 1828 etiam
322 1768 444 1830 solebat.
487 1769 602 1831 ludices
616 1779 710 1831 antem
725 1773 804 1850 prius
819 1789 902 1850 quam
918 1771 1060 1850 inciperet
1080 1787 1126 1828 re·
1227 1783 1228 1830 3

135 1854 333 1914 versutissime
349 1853 568 1933 adloquebatur,
586 1854 689 1916 omnio
704 1871 738 1915 se
750 1854 899 1933 faciendo
917 1853 1046 1933 fecium,
1071 1852 1129 1914 sed

17 1978 30 2001 0
135 1942 271 1999 euentum
283 1938 316 1999 iu
328 1956 504 1999 mannasse
519 1938 695 2011 Fortunae,-
714 1940 786 2001 illos
799 1945 835 1999 et
846 1939 997 2018 supientia
1017 1946 1047 1999 et
1069 1938 1163 1999 do-'tu

136 2030 202 2083 ctos
212 2021 299 2082 ebus
311 2020 444 2098 fortuita
455 2022 565 2083 debere
575 2022 761 2093 melodum
777 2032 872 2102 atque,
889 2032 920 2083 ut
932 2022 1051 2084 auderet
1060 2022 1127 2081 bur·

136 2103 275 2179 tantibns,
299 2108 440 2183 aequiore
457 2107 549 2165 animu
570 2107 738 2183 recedebat,
759 2124 793 2167 ae
814 2126 851 2167 ne
871 2109 913 2167 sic
935 2106 1050 2185 quidem
1065 2108 1129 2165 sine

137 2184 341 2259 sollicitudine,
359 2188 578 2249 taciturnitatem
593 2191 788 2269 pudoremque
807 2190 981 2270 quorundam
1004 2207 1058 2270 pru
1080 2190 1128 2249 tri·
1224 2192 1228 2201 ’

95 2269 213 2337 mestitia
233 2276 263 2325 et
282 2268 459 2345 malignitate
478 2288 603 2347 arguens
626 2284 838 2354 suspectosque
862 2273 917 2333 sibi
942 2273 1052 2334 dicens.
1096 2271 1130 2331 ln

138 2349 467 2430 certanduveruitalegi
480 2354 665 2432 oboediebat,
674 2366 704 2415 ut
716 2373 866 2437 numquam
877 2376 1018 2419 excreare
1032 2375 1129 2432 ausus,
1140 2373 1167 2413 25

137 2435 271 2498 sudorem
286 2453 400 2515 quoqne
415 2438 518 2497 frontis
540 2436 661 2499 brachiu
683 2440 863 2519 detergerem
886 2451 972 2523 atque
993 2443 1078 2501 etiam
1101 2440 1132 2499 in

136 2522 249 2598 magico
262 2520 384 2600 quodam
397 2530 472 2598 actu,
486 2539 549 2601 cum
562 2522 690 2601 elapsum
702 2524 901 2599 baculum‘citu
914 2528 1131 2605 resumpsisset,
1227 2596 1228 2607 χ

138 2604 259 2685 pavidus
275 2614 304 2665 et
316 2614 446 2665 metuens
461 2624 496 2665 ne
514 2605 552 2666 ub
570 2605 704 2667 delictum
720 2610 873 2676 certamine
889 2619 1130 2683 summoveretur,

137 2706 196 2747 non
205 2688 289 2749 aliter
301 2691 483 2751 confirmatus
494 2700 539 2751 est
547 2708 634 2769 ,qnam
644 2691 791 2752 adiurante
799 2692 960 2773 hypocrita,
972 2711 1031 2754 nun
1043 2694 1131 2754 anim-

138 2769 290 2830 adversum
314 2773 343 2833 id
369 2773 444 2833 inter
473 2773 666 2835 exultationes
693 2777 990 2857 succlamationesque
1017 2776 1168 2857 populien

137 2852 289 2911 Victorem
306 2866 400 2917 autem
417 2874 450 2917 se
465 2858 529 2936 ipse
544 2858 758 2938 pronuntiabam
776 2878 831 2939 qua
846 2860 882 2921 de
898 2880 984 2923 cansa
1000 2870 1030 2921 et
1047 2877 1132 2940 prae·
1227 2890 1228 2921 1

140 2935 225 2993 eonio
239 2934 344 3015 ubique
360 2941 515 3001 contendit.
558 2941 603 3001 Ae
625 2960 662 3003 ne
685 2943 764 3002 cuius
785 2944 902 3005 alterins
920 2944 1134 3007 hieronicarum
1227 2938 1228 2971 ¹

138 3019 276 3077 memoria
297 3028 345 3079 aut
366 3025 520 3101 vestigium
547 3032 660 3085 extaret
688 3041 820 3105 usquam,
847 3029 974 3090 subverti
1001 3038 1032 3089 et
1056 3034 1134 3088 nnec

139 3098 212 3159 trahi
228 3097 359 3181 abicique
374 3106 403 3164 in
420 3106 680 3169 latrinas'umnium
699 3118 806 3171 statuas
830 3122 859 3171 ot
882 3115 1023 3191 imagines
1043 3114 1134 3191 impe·

139 3183 223 3243 ravit.
266 3183 418 3263 Aurigam
437 3207 552 3268 quoqne
573 3191 764 3270 plurifariam,
792 3195 931 3277 Olympiis
952 3214 1025 3257 veru
1049 3194 1168 3257 etiamst

140 3265 348 3344 decemiuqem,
369 3273 496 3348 quamvis
516 3274 546 3332 id
569 3275 661 3354 ipsum
682 3276 711 3335 iu
729 3296 802 3355 rege
814 3276 985 3353 Mithradate
1005 3281 1135 3341 carmine

141 3352 264 3428 quodam
284 3368 337 3411 suu
358 3352 606 3431 reprehendissem
631 3357 683 3419 sed
704 3358 845 3423 excussn's
866 3360 950 3425 curru
973 3382 1007 3425 ac
1034 3380 1136 3425 rursus

140 3438 295 3513 repositus,
312 3453 375 3496 cum
392 3435 550 3515 perdurare
565 3458 623 3501 non
637 3452 749 3522 posset,
767 3446 873 3509 destitit
884 3457 952 3515 ante
963 3448 1135 3516 decursumt

143 3701 175 3747 k
