2475 3775
148 133 210 196 214
225 145 419 195 c.suerou1
431 129 559 204 runnu.
575 143 624 192 nn
638 145 721 192 viru
736 112 922 192 censensu
937 132 1007 190 nin.
1023 142 1085 190 vn.

136 307 233 382 ¹uprr‘arn
251 300 434 362 matrimonio
451 300 627 378 destinarat,
649 297 854 361 commendans
874 297 1013 374 reliquias
1030 313 1099 356 suas
1116 306 1145 357 et

146 388 323 448 memoriam.
348 382 495 462 Quidquid
508 383 612 443 deinde
624 383 813 464 epistularum
824 391 898 458 erat,
910 382 1001 446 necui
1014 381 1143 460 periculo

148 481 197 532 aut
207 488 303 531 norae
317 469 394 550 apud
405 470 546 530 rictorem
556 467 672 546 forent,
683 467 897 532 concremavit»
926 464 1032 526 Diuisit
1047 475 1080 525 et
1095 483 1143 545 pe-
1212 537 1221 546 ,ἵ

106 557 247 617 llcunias
258 554 427 617 domesticis
448 572 486 614 ex
502 553 590 632 copia
607 555 764 634 praesenti.
795 552 892 630 Atque
912 553 1088 630 itaparatus
1104 552 1143 608 iu

113 675 127 719 χ.
144 650 302 718 tentusque
314 641 375 700 iam
382 635 485 714 muru,
500 637 619 698 tumultu
629 639 817 698 intcr‘moras
835 645 938 696 exorto
955 643 990 694 ut
1004 652 1076 711 eos,
1097 634 1164 712 quit

145 724 301 785 discedere
313 731 343 782 et
353 721 434 783 ubire
447 721 640 801 coeptabant,
655 722 774 802 corripi
786 723 868 798 quasi
888 719 1058 781 desertores
1075 717 1143 778 deti·
1216 779 1217 787 χ

144 811 268 887 uerique
289 808 400 882 sensit,
426 804 609 867 Adiciomuo
632 808 726 886 inquit
749 806 833 866 vitoe
850 811 884 866 et
906 797 989 866 buo'c
1010 803 1142 864 noctes!
1215 800 1217 821 '

41 941 44 948 .
146 890 610 974 (bisipsis-tutidcmqneverbis)
628 885 779 970 uetuitque
794 891 852 950 viru
872 891 1004 968 cuiquam
1020 887 1085 948 lieri
1092 911 1099 956 ;
1117 895 1144 946 et
1211 840 1217 997 ί

145 981 175 1037 in
186 995 283 1038 serum
294 991 390 1054 usqne
399 983 518 1054 patente
530 973 677 1053 cubiculo,
692 978 717 1036 si
729 977 794 1054 quis
806 974 886 1035 adire
899 973 1006 1050 vellet,
1018 980 1140 1052 potesta

144 1071 204 1120 tem
216 1062 266 1118 sui'
272 1058 416 1139 praebuit
435 1058 581 1120 ‘Postboc
594 1059 696 1120 sedata
706 1060 754 1120 siti
766 1058 885 1137 gelidae
899 1073 998 1137 aquae
1017 1057 1142 1136 potione,
1151 1073 1171 1113 ro
1211 1009 1218 1115 l

144 1145 266 1222 arripuit
277 1142 351 1203 duos
362 1144 507 1222 pugiones
518 1153 548 1202 et
562 1144 716 1224 explorata
728 1145 875 1222 utriusque
893 1145 973 1218 acie,
992 1159 1057 1200 cum
1074 1139 1142 1200 alte·
1213 1154 1217 1217 ς

144 1245 207 1287 nrm
225 1227 345 1306 pulvino
362 1227 555 1305 subdidisset,
579 1226 698 1302 'loribus
711 1228 860 1308 adopertis
876 1227 1022 1286 artissimo
1032 1241 1143 1290 ,somno

146 1313 265 1390 quievit.
299 1310 339 1371 Et
353 1312 432 1373 circa
445 1312 540 1373 lucem
550 1312 665 1373 demum
682 1309 925 1391 expergefactus,
944 1310 1142 1386 presencie
1220 1371 1221 1386 p

146 1398 186 1456 cit
196 1397 257 1456 ictu
275 1396 351 1456 inira
368 1396 482 1458 laevam
497 1385 655 1477 papillam,
675 1394 960 1475 irrumpentibusque
973 1393 1144 1474 ad‘primum

145 1483 284 1557 gemitum
294 1480 381 1541 modo
398 1482 499 1541 celans
510 1480 597 1542 modo
609 1481 753 1558 detegens
766 1479 895 1560 plagam,
912 1480 1091 1540 exanimatus
1103 1484 1173 1536 estu
1213 1504 1218 1525 ·

145 1564 333 1624 etceleriter
351 1567 433 1644 (nam
452 1567 492 1625 ita
510 1565 720 1645 praeceperat)
736 1565 916 1642 <teucrium
930 1563 1097 1624 umensmo
1118 1569 1147 1620 ct
1212 1542 1217 1605 l

145 1665 183 1708 oc
213 1665 252 1708 vo
265 1649 368 1708 aetatis
380 1667 456 1709 anno
472 1659 502 1709 ct
513 1649 723 1727 nonagensimo
734 1657 765 1708 et
781 1650 883 1728 quinto
894 1643 1006 1728 imperii
1019 1644 1078 1706 die.

102 1747 137 1800 12
206 1730 300 1793 'lanto
313 1730 436 1795 Othonis
447 1736 541 1796 animo
553 1732 736 1813 nequaquam
747 1750 855 1814 corpus
867 1743 916 1794 aut
932 1731 1046 1792 babitus
1066 1747 1146 1790 oom-

111 1857 114 1866 ·
145 1818 226 1897 petit.
250 1813 354 1876 Fuisse
365 1820 442 1878 enim
454 1819 625 1880 etmodicae
637 1827 763 1879 staturae
780 1827 810 1877 et
824 1817 900 1876 male
919 1815 1041 1897 pedatus
1053 1829 1145 1876 scam

75 1921 77 1924 ·
143 1902 257 1981 busque
269 1901 407 1981 truditur,
425 1903 625 1965 munditiarum
641 1922 713 1963 vero
734 1920 828 1982 paene
845 1901 1043 1978 muliebrium,
1060 1900 1176 1965 vulsco

143 2003 283 2065 corpore,
302 1988 466 2063 galericulo
480 1990 568 2069 capiti
579 1998 702 2071 propter
723 1988 869 2048 raritatem
888 1986 1063 2065 capillorum
1081 1984 1146 2045 ada·

144 2078 223 2148 ptato
236 2078 267 2128 et
279 2070 409 2148 adnexo,
424 2082 455 2131 ut
470 2090 556 2133 nuno
569 2073 756 2141 dinoscerem
776 2072 844 2151 quin
865 2080 895 2131 et
905 2071 1017 2131 taciem
1041 2068 1146 2129 cotidie

95 2181 97 2186 ·
141 2153 266 2211 rasitare
278 2172 314 2213 ac
332 2171 408 2234 pane
426 2156 541 2216 madido
560 2156 653 2220 linere
672 2158 860 2231 consuetum,
879 2154 969 2233 idqu'e
986 2154 1145 2215 instituisse
1220 2162 1221 2227 t

140 2235 863 2319 aprimulanugincpnebarbatnsumquamcsset
896 2239 1082 2307 saorn'etiam
1094 2236 1145 2296 lsi·

142 2317 187 2378 dis
198 2335 292 2398 saepe
311 2322 339 2379 in
358 2318 448 2381 lintea
464 2324 674 2402 religiosaque
685 2333 770 2385 veste
788 2344 843 2403 pro
864 2325 948 2398 alum,
960 2322 1178 2385 celebrassent

142 2402 199 2463 l'er
211 2403 404 2482 quaerentum
418 2416 531 2486 putem,
547 2417 578 2468 ut
594 2424 672 2468 mers
685 2410 747 2469 eius
762 2409 876 2470 mininie
888 2412 1059 2485 congruens
1067 2407 1146 2465 vitae
1218 2396 1221 2545 p

141 2488 251 2549 maiore
267 2487 408 2550 miraculo
423 2491 521 2553 tuerit.
552 2492 634 2553 blulti
652 2486 847 2571 praesentium
865 2494 984 2555 militnm
1002 2508 1067 2551 oum
1084 2490 1146 2571 plu·
1220 2546 1221 2557 ,

59 2612 62 2618 ,
142 2575 214 2635 rimo
227 2574 298 2635 lletu
306 2590 407 2648 manus
419 2594 455 2637 ac
467 2575 559 2658 pedes
569 2578 692 2638 iacentis
705 2578 886 2655 exosculati,
898 2578 1090 2639 fortissimum
1105 2576 1146 2635 vi·

141 2676 213 2733 rum,
225 2662 341 2720 unicum
352 2661 780 2741 imperatorempraedicautes‚
793 2661 900 2721 ibidem
909 2662 1070 2723 statimnee
1077 2676 1147 2741 pro·

143 2740 304 2819 cularogo
315 2746 373 2808 vim
385 2748 542 2808 suaevitae
562 2746 733 2816 attulerunt;
752 2744 833 2806 multi
848 2754 878 2805 et
895 2745 1074 2821 absentium,
1100 2763 1149 2805 ac·
1160 2768 1182 2809 sc

141 2830 229 2898 cepto
242 2828 352 2902 nuntio,
365 2847 436 2907 prae
447 2829 550 2891 dolore
558 2831 645 2891 armis
657 2832 732 2889 inter
743 2848 775 2889 se
786 2829 823 2890 ad
832 2829 1064 2891 internecionem
1075 2846 1149 2889 con-

141 2916 301 3001 currerunt.
334 2910 468 2992 Denique
486 2932 591 2993 magna
609 2931 678 2995 pars
696 2914 859 2991 hominum,
881 2914 1056 2975 incolumem
1077 2932 1150 2990 gra·

139 3003 258 3085 tissime
270 2990 428 3073 detestata,
449 3009 590 3060 mortuum
607 2996 740 3061 laudibus
752 2998 833 3075 tulit,
853 3007 884 3058 ut
900 2996 992 3075 vulgo
1009 2998 1152 3061 iactatum

140 3079 178 3131 sit
195 3079 297 3149 ellam,
326 3076 445 3138 Galbam
466 3081 501 3141 ab
520 3100 556 3142 eo
577 3101 636 3142 non
657 3093 713 3142 tam
731 3082 893 3143 dominandi
911 3100 997 3161 quam
1008 3084 1054 3143 rei
1069 3102 1100 3163 p.
1114 3101 1153 3145 ac

138 3152 280 3221 libertau’s
291 3160 488 3224 restituendae
502 3182 588 3227 causa
600 3168 813 3246 interemptum.
942 3231 944 3235 ,

524 3422 751 3435 Ἣ...-
