2475 3775
232 162 319 210 LVIII
568 160 775 209 Psnuusulos

236 326 351 393 gereret
366 324 479 392 emptus.
511 319 630 375 ¹bibrum
648 318 766 373 omnium
782 317 912 389 optimum
932 324 961 374 et
979 319 1132 391 integerri-

235 422 306 461 mum
322 403 417 472 (etiem
432 419 513 472 nunc,
528 400 818 473 postquamdudianus
829 398 965 475 necessit)
982 402 1134 473 diligenter

236 488 444 559 descripserunt
459 491 487 540 et
501 486 676 539 contulerunt
688 484 843 540 Iudovicus
859 487 943 541 Tross
961 484 990 541 in
1008 486 1132 543 editione

234 571 382 627 Hammone
400 587 426 625 a.
441 573 507 627 1841
519 568 641 637 vulgata,
654 567 726 622 Frid.
744 567 847 623 llitscbl
862 568 890 623 in
905 568 1034 638 Parergis'
1050 568 1133 625 Plau·

235 656 301 710 tinis
319 660 334 711 1
349 670 376 724 p.
391 656 456 721 699,
478 652 518 706 Io.
535 651 612 706 Ford.
628 651 781 707 llassmann
796 651 831 705 ad
846 651 934 707 Taciti
950 650 1131 707 Germaniam.

277 745 302 796 3.
335 736 513 791 Gudianus
533 738 582 803 93,
609 732 782 802 Goellerbyti
809 733 949 806 repositus
975 735 1026 789 clr.
1047 734 1134 790 libert

234 819 302 877 bibl.
320 818 458 874 Guelferb.
474 835 501 889 p·
520 822 585 886 159,
607 816 738 872 loliorum
757 817 992 887 quaternariorum
1014 824 1132 890 septem,

235 902 364 975 optimus.
406 901 466 956 Idea
481 900 571 970 gretia
586 899 799 969 diligentissime
817 900 933 955 contulit
948 900 1133 973 amicissimus

235 986 277 1042 vir
295 983 500 1041 Theodorus
518 982 685 1037 blcebius
699 982 860 1054 IipsIensis.

297 1068 444 1123 Praetereo
470 1065 789 1137 117111111114498,
812 1066 840 1121 ln
856 1082 910 1136 quo
925 1066 1064 1122 volumine
1085 1084 1133 1123 su-

235 1167 286 1223 per
300 1151 371 1205 duos
385 1148 472 1205 'Inciti
493 1148 605 1204 libellos
629 1148 752 1204 eiusdem
767 1148 917 1219 Agricola,
939 1149 1004 1204 item
1026 1149 1131 1205 Plinius

235 1235 270 1289 de
296 1232 365 1289 viris
391 1232 544 1289 illustribus
571 1231 709 1302 multaque
734 1232 787 1287 nlia
815 1231 919 1303 scripta
946 1232 1132 1302 continentur,

233 1316 387 1372 blassmnrm
406 1316 521 1371 eundem
540 1315 676 1370 nominum
698 1315 818 1370 indicem
839 1315 1133 1386 praelinuminveuiri

232 1401 330 1456 relert.
372 1398 429 1454 Nec
451 1399 538 1453 minus
559 1398 588 1452 in
604 1398 857 1471 vNeapolitano
878 1397 939 1453 sire
962 1397 1133 1454 Parnesiano

231 1482 303 1538 idem
317 1482 407 1538 videri
427 1481 531 1554 poterit
550 1481 671 1552 scriptus
687 1497 765 1550 esse,
788 1498 849 1536 cum
871 1488 947 1536 certo
968 1481 995 1535 in
1011 1481 1133 1537 'Inciteis

112 1583 116 1591 ⁴
230 1565 335 1621 libellis
365 1565 505 1636 exemplar
525 1564 594 1619 illud
624 1562 797 1635 superiorum
817 1570 846 1619 et
864 1562 981 1619 maxime
1003 1564 1132 1619 Vaticani

231 1654 301 1707 1518
319 1664 411 1703 comes
426 1648 463 1703 sit
479 1653 640 1719 perpetuus.
685 1646 786 1701 Contra
807 1645 925 1702 omissus
941 1653 993 1716 est,
1010 1646 1130 1702 consilio

231 1737 298 1803 puto
315 1730 447 1801 editoris,
467 1731 494 1785 in
507 1729 716 1785 Florentius
732 1728 856 1785 editione
875 1734 998 1794 1.1478;
1015 1743 1132 1799 nemque

233 1830 266 1871 ea
287 1830 347 1869 cum
362 1814 444 1870 libris
459 1814 540 1869 modo
556 1812 723 1869 enumeratis
740 1812 850 1883 alioqui·
866 1812 1029 1885 conspirare
1047 1812 1131 1888 solet.

295 1899 350 1955 Iam
371 1899 415 1954 bis
431 1897 511 1954 libris
527 1897 642 1954 alterum
660 1897 795 1953 librorum
817 1913 905 1967 genus
921 1897 1071 1970 opponitur
1090 1897 1132 1951 in·

132 1971 144 2046 ‘f
233 1982 296 2038 dice
320 1982 370 2038 illo
392 1981 564 2044 destitutum,
591 1997 706 2037 numero
728 1980 831 2049 maius,
855 1980 979 2036 bonitate
1003 1979 1132 2035 inlerius.

232 2065 389 2134 Diligenter
405 2064 499 2119 collati
515 2070 579 2118 sunt
591 2063 636 2117 bi:

274 2153 299 2203 1.
321 2145 588 2214 berolinensis,
605 2145 685 2200 simul
701 2161 762 2200 cnm
777 2145 924 2204 Caesarum
941 2145 1133 2202 1111111141-

186 2297 194 2307 ,
232 2227 310 2282 tonio
327 2227 471 2283 Slnibnldo
489 2227 605 2298 Neapoli
624 2244 648 2281 a.
665 2232 731 2287 1477
746 2230 876 2302 scriptus.
920 2229 986 2285 Ilius
1001 2229 1134 2285 collatio-

233 2324 294 2365 nem
310 2325 364 2364 non
375 2308 554 2380 indiligenter
571 2310 668 2366 leolam
682 2311 754 2367 Frid.
768 2311 859 2369 Osann
870 2318 1028 2384 acceperat,
1045 2312 1134 2367 multo

233 2392 434 2448 accuraborem
462 2392 527 2447 mibi
557 2393 630 2447 donc
660 2394 737 2449 dedit
766 2396 969 2467 liudolphus
997 2395 1133 2452 burck-

233 2473 339 2532 bardt
358 2473 535 2545 aniliensis,
556 2481 670 2532 nostrae
696 2477 862 2549 disciplinae
886 2494 941 2533 non
962 2477 999 2533 ita
1022 2478 1133 2550 pridem

233 2559 366 2615 alumnus.
407 2557 470 2633 ¹Nou
491 2574 553 2614 esse
568 2559 642 2615 bunc
662 2559 786 2617 codicem
809 2561 976 2632 exscriptum
992 2579 1008 2616 e
1024 2561 1134 2616 Veneta

233 2643 357 2699 editione
373 2659 397 2699 a.
414 2646 491 2712 1474,
508 2659 635 2714 cumque
654 2643 722 2699 mira
738 2645 764 2700 ei
779 2644 957 2701 necessitudo
972 2642 1133 2713 intercedit,

233 2726 315 2781 multa
339 2726 535 2797 comprobant,
566 2731 596 2780 ut
621 2744 674 2783 una
700 2727 851 2799 eademqne
876 2727 977 2799 pagina
998 2731 1051 2785 258
1078 2727 1132 2783 bae

232 2806 383 2863 leetlones:
409 2810 523 2878 viveret,
546 2815 627 2880 alque
649 2812 749 2882 1111911,
772 2812 865 2882 pretia
885 2824 967 2880 vero,
993 2813 1132 2881 inpressu,

231 2889 343 2958 epistola
359 2891 481 2961 ostendit,
494 2891 592 2962 riptdu,
608 2904 720 2965 querum
733 2894 801 2973 loco
819 2891 907 2949 editio
920 2893 970 2948 illa
984 2894 1034 2949 bns
1050 2909 1133 2964 prae-

233 2970 300 3025 lert:
317 2973 431 3043 vixerit,
447 2977 595 3046 cecropis,
605 2977 712 3046 pretia,
725 2989 839 3046 pressu,
853 2977 982 3046 epistola,
997 2976 1090 3046 lipida.

274 3058 301 3109 2.
320 3054 536 3111 Ilarleianus
559 3063 644 3127 2639,
667 3057 793 3113 Londinii
814 3058 842 3114 in
861 3074 956 3114 museo
971 3057 1133 3113 Britannico

232 3137 388 3207 repositus,
411 3138 529 3209 scriptus
551 3146 582 3194 ut
595 3141 705 3196 videtur
721 3158 747 3196 1.
768 3147 836 3201 1469
852 3147 880 3197 ct
904 3157 964 3196 cum
979 3140 1076 3195 'lecito
1097 3140 1134 3195 de

233 3216 397 3275 Oratoribus
409 3220 580 3277 coniunctus.
625 3222 798 3279 Examinavit
814 3241 839 3280 1.
856 3229 923 3283 1851
939 3223 1013 3279 Frid.
1028 3221 1134 3278 Osann.

274 3307 300 3360 3.
317 3302 506 3358 Parisinus
520 3309 599 3374 7773,
615 3305 751 3375 quondam
765 3306 941 3377 Petenissos,
956 3322 1017 3362 cum
1034 3306 1134 3363 eodem

233 3384 320 3441 Taciti
336 3386 435 3442 libello
452 3387 615 3457 cohaerens,
632 3387 750 3445 omniurn
765 3389 899 3445 librorum
910 3395 938 3446 et
952 3388 1091 3462 pessimus
1106 3393 1135 3443 et
