2475 3775
155 177 198 241 98
230 189 259 238 o.
278 185 426 237 souuorn
443 183 570 244 renuo.
582 183 632 232 on
648 165 730 234 ures
747 184 929 235 cassanum
945 183 1014 234 rna.
1026 187 1077 235 111.

152 343 355 428 praetorianis.
384 300 592 402 Germaniciani
605 338 718 419 quidem
734 341 817 400 etiam
832 341 994 421 principem
1009 340 1147 401 detracta·

157 433 226 492 bant
239 446 297 489 non
312 445 328 487 a
343 445 375 487 se
390 427 499 513 datum,
518 442 682 503 summaque
701 425 729 483 vi
745 423 959 501 Germanicum,
981 425 1028 502 qui
1043 431 1099 484 tum
1113 426 1147 485 iis

82 551 87 556 ·
158 509 306 597 praeerat,
318 510 357 582 ad
369 509 575 589 capessendam
588 527 650 568 rem
662 528 691 589 p.
705 508 864 587 urgebant,
882 525 1049 587 quamquam
1063 508 1146 569 obdr-

156 607 234 660 mate
246 598 437 657 resistentem.
469 593 561 668 Quem
575 595 696 653 maxima
713 609 809 653 casum
825 595 943 669 timens,
964 599 1076 671 portes
1089 591 1149 654 sibi

41 745 52 766 .
157 699 238 764 quos
251 680 373 740 reuolui
386 677 509 753 liberet,
530 677 663 738 tocrrdas
677 678 757 737 inre
768 695 801 756 p.
819 678 1006 757 depoposcit,
1025 679 1172 756 penedos

138 836 141 842 ,
156 767 322 828 comesne
334 760 478 840 sufficere
492 761 577 823 solos
591 779 678 823 nemo
690 768 813 839 posset,
829 762 891 822 aiei
907 777 974 822 cnm
988 762 1087 823 altero
1101 763 1149 823 cel

98 924 101 931 ἱ
157 852 249 912 ctiam
263 865 330 909 cnm
341 844 495 925 pierides.
525 845 675 905 Simulavit
687 854 717 905 et
728 847 919 921 ualitudinem,
936 864 994 925 qno
1010 849 1147 925 aequiore

157 931 250 996 animo
262 931 446 994 Germanicus
460 929 585 989 celerem
599 930 815 990 successionem
827 930 873 989 vel
887 932 1149 991 certe-societatem

158 1017 336 1100 principatus
356 1014 547 1094 opperiretur.
579 1011 753 1093 compositis
768 1013 955 1074 seditionibus
973 1013 1148 1077 Clementem

111 1169 114 1172 ,
158 1119 289 1186 quoque,
307 1098 408 1159 fraude
425 1096 593 1174 deceptum,
612 1098 727 1180 redegit
746 1098 775 1157 in
790 1107 972 1178 potestatem.
1002 1099 1148 1177 Libonem,
1159 1117 1183 1159 rc

158 1205 196 1246 ne
216 1184 290 1263 quid·
303 1185 332 1243 in
352 1182 478 1244 nouitate
495 1180 627 1255 acerbius
641 1183 740 1259 lieret,
763 1175 890 1246 seouirdo
907 1185 1019 1244 demum
1034 1202 1107 1245 auno
1121 1187 1150 1244 in

158 1277 258 1330 senatu
279 1267 428 1345 coarguit,
443 1263 538 1325 medio
556 1267 694 1343 temporis
717 1268 810 1345 spatio
832 1277 938 1329 tanturn
960 1286 1066 1330 cavere
1083 1286 1149 1329 con·

158 1361 267 1431 tentus;
282 1368 347 1412 nam
363 1359 392 1425 et
405 1351 481 1409 inter
496 1350 650 1428 pontilices
663 1350 832 1412 sacrificanti
843 1354 925 1414 simul
937 1371 991 1433 pro
1004 1355 1150 1432 secespita

158 1435 321 1518 plumbeum
342 1435 463 1494 cultrum
477 1430 674 1493 subiciendum
695 1435 819 1512 curavit,
839 1443 867 1496 et
881 1447 1024 1497 secretum
1040 1439 1149 1516 petenti

156 1521 270 1582 nonnisi
285 1517 410 1580 adhibito
425 1517 520 1578 Druso
542 1517 601 1578 lilio
616 1516 708 1594 dedit,
738 1515 921 1600 dextramque
938 1519 1147 1582 obambulantis
1159 1541 1182 1581 rs

158 1605 247 1667 veluti
261 1602 440 1680 incumbens,
461 1601 554 1684 quoad
570 1610 760 1681 perageretur
776 1618 885 1680 sermo,
900 1606 1047 1665 continuit.

115 1711 150 1766 25
220 1691 328 1751 Verum
348 1686 486 1747 liberatus
505 1693 598 1763 metu,
622 1684 736 1744 civilem
754 1683 902 1744 admodum
922 1690 995 1748 iuter
1015 1689 1092 1763 initia
1113 1707 1148 1750 ac
1223 1743 1225 1752 .

132 1771 134 1773 ’
157 1774 355 1854 paulominus
377 1789 462 1850 quam
484 1772 623 1850 privatum
644 1771 713 1846 egit.
749 1767 795 1829 Ex
814 1768 941 1847 plurimis
961 1775 1148 1852 maximisque

156 1856 315 1928 bonoribus
334 1865 452 1936 praeter
473 1871 584 1935 paucos
603 1862 633 1915 et
651 1853 782 1914 modicos
797 1869 854 1913 non
872 1857 992 1933 recepit.
1017 1857 1150 1919 Natalem

156 1961 251 2020 suum,
271 1941 387 2022 plebeis
407 1942 600 2001 incurrentem
623 1936 815 2015 circensibus,
839 1940 888 1997 vin
904 1940 986 1999 nnius
1000 1941 1086 2023 bigae
1103 1943 1185 2005 adro

155 2029 281 2087 iectioue
302 2026 438 2086 honorari
455 2036 559 2105 passus
580 2031 634 2083 est.
664 2022 799 2102 Templa,
817 2022 962 2101 llamiues,
983 2026 1152 2087 sacerdotes

157 2110 274 2169 decerni
291 2110 346 2169 sibi
362 2108 522 2189 probibuit,
539 2109 625 2167 etiam
641 2116 748 2167 statuas
762 2115 847 2185 atque
862 2108 1002 2184 imagines
1018 2110 1073 2169 nisi
1087 2129 1152 2189 per·

56 2192 59 2207 '
155 2194 284 2252 mittente
306 2211 338 2252 se
363 2194 446 2271 poni:
468 2186 655 2276 permisitque
677 2208 711 2250 ea
734 2189 797 2251 sola
819 2190 1002 2269 conditione,
1025 2210 1062 2252 ne
1078 2194 1154 2254 inter

156 2276 307 2337 simulacra
328 2275 447 2341 deornm
468 2274 521 2335 sed
544 2276 619 2333 inter
647 2282 812 2339 ornamenta
833 2273 943 2335 aedium
965 2286 1155 2357 ponerentur.

154 2358 324 2421 intercessit
346 2368 376 2418 et
396 2359 453 2438 quo
471 2360 562 2419 miuus
577 2360 607 2417 in
623 2366 687 2419 acta
705 2375 755 2418 sua
771 2360 928 2437 iuraretur,
949 2370 978 2420 et
992 2380 1028 2421 ne
1046 2362 1155 2422 mensis
1164 2380 1189 2421 es

155 2443 329 2525 September
344 2442 487 2521 Tiberius,
503 2441 633 2507 October
648 2442 744 2524 Lipsius
759 2450 942 2503 vocarentur.
974 2443 1156 2506 Praenomeu

156 2547 272 2612 quoque
293 2528 542 2608 imperatoris
565 2545 787 2611 cognomenque
802 2529 920 2606 patris
940 2529 1104 2609 patriae,
1127 2539 1158 2590 et

156 2616 277 2676 civicam
302 2614 342 2673 in'
360 2611 503 2693 vestibulo
531 2629 672 2677 coronam.
689 2612 850 2696 recusavit,
880 2630 914 2672 uc
936 2630 973 2672 ne
994 2612 1157 2691 Augusti

156 2699 268 2777 quidem
288 2716 408 2775 nomen,
430 2714 598 2779 quamquam
615 2696 834 2773 hereditarium,
857 2695 923 2756 ullis
945 2698 999 2756 nisi
1014 2696 1050 2757 ad
1065 2716 1158 2775 reges

155 2799 191 2840 ac
212 2782 348 2856 dynastas
372 2782 505 2862 epistolis
527 2781 643 2842 addidit.
673 2780 736 2844 Nec
759 2780 879 2859 amplius
898 2797 983 2861 quam
1004 2799 1072 2841 mox
1096 2791 1192 2843 tresao

157 2860 335 2942 consulatus,
360 2885 449 2936 ,unum
474 2861 575 2946 paneis
601 2863 718 2941 diebus,
742 2863 862 2924 alterum
882 2862 973 2926 trihus
994 2864 1158 2943 mensibus,

154 2948 267 3014 tertium
282 2947 390 3008 absens.
401 2968 434 3009 ns
456 2967 492 3012 ue
506 2951 535 3009 iu
547 2949 614 3011 ldns
628 2948 717 3009 Maias
733 2949 835 3030 gessit.
1138 2953 1145 2967 '

112 3042 146 3100 a]
215 3029 403 3092 Adulationes
423 2968 497 3092 adeo
518 3039 668 3094 aversatus
689 3040 750 3109 cst,
775 3041 806 3092 nt
826 3034 968 3094 neminem
989 3041 1159 3093 senatorum

155 3123 203 3185 aot
217 3113 306 3175 oflicii
321 3124 370 3175 aut
383 3117 496 3193 negotii
509 3135 596 3180 causa
611 3115 647 3177 ad
664 3116 798 3177 lecticam
813 3136 892 3179 suam
910 3118 1069 3194 admiserit,
1087 3133 1159 3177 con·

155 3200 279 3268 solarem
293 3216 381 3276 vero,
397 3200 620 3262 satisfacientem
634 3200 688 3260 sibi
705 3218 739 3262 uc
754 3219 808 3279 per
823 3220 918 3283 genna
936 3219 1022 3262 orare
1046 3218 1157 3261 ccuan·
1167 3206 1192 3249 ⁸1·

154 3294 231 3361 tem,
253 3285 291 3346 ita
311 3278 463 3359 sulingerit
485 3290 515 3343 ut
529 3284 646 3345 caderet
662 3286 795 3363 suplnns;
818 3295 904 3367 atque
923 3289 1023 3362 etiam,
1046 3288 1071 3345 si
1087 3285 1159 3367 qdid

154 3372 183 3429 in
198 3384 330 3432 sermone
344 3366 440 3427 vel'in
455 3370 587 3428 continua
603 3370 735 3428 oratione
747 3368 877 3431 blandius
896 3371 931 3430 de
947 3388 979 3429 se
995 3370 1157 3445 diceretur,

154 3446 212 3515 nou
238 3450 380 3518 dubitaret
401 3450 589 3531 interpellare
613 3471 649 3515 ac
673 3452 890 3535 reprehendere
918 3464 948 3515 et
976 3464 1159 3516 commutare
