2475 3775
469 204 718 259 unnunan10.'
787 193 791 198 ’
946 214 1019 261 xcv

113 377 149 430 28
162 371 246 426 labello
261 385 310 425 areo
325 379 381 425 non
396 369 533 439 intelligo.
555 367 682 424 (leterani
699 370 818 425 oedem
836 371 1015 428 inchoatam

113 455 197 526 sopra
210 467 319 536 quoque
334 469 362 524 p
376 457 420 521 65,
438 459 472 510 10
487 451 629 508 habemus

169 525 606 594 libellumlliiierentiernm
621 537 821 592 Sermonum
828 507 1021 609 ,qniexSoa-'

113 621 182 677 tcum
191 619 432 691 Tranquilerato
441 625 589 690 excerptus
597 635 661 674 csso
669 620 780 688 dicitur
788 622 1013 678 abbaceditionc

113 703 263 760 excludere
281 703 366 772 nolui,
383 716 543 773 quamquam
554 709 653 774 sponte
673 705 807 759 contiteor
823 705 906 760 talem
922 706 1014 776 qualis

113 795 156 843 est
171 805 185 842 a
202 786 335 842 Suetonio
354 797 443 857 neque
461 785 547 840 scribi
565 801 656 856 neque
673 803 688 842 a
706 787 829 843 llemmio
845 788 1011 844 Palaemone

113 870 220 926 desumi
237 870 371 942 potuisse.
408 869 464 926 Sed
481 885 541 924 cum
558 871 643 924 semel
660 874 761 925 tentum
772 871 873 926 >formis
891 873 1011 944 impres·

112 970 159 1009 eus
183 953 220 1010 sit
241 953 357 1023 eiusque
381 952 513 1009 editionis
539 953 666 1024 exempla
691 959 720 1008 et
739 955 881 1010 rarissima
903 956 959 1011 sint
983 963 1015 1012 et

112 1036 337 1108 corruptissima,
358 1035 434 1092 nolui
455 1036 555 1091 lectori
571 1037 668 1091 barum
680 1052 773 1092 rerum
788 1039 916 1095 studioso
931 1041 1013 1111 quasi

112 1119 285 1176 abscondere
310 1116 432 1174 libellum
456 1133 543 1190 nuper
566 1119 716 1190 aliquoties
738 1121 765 1174 in
781 1121 1011 1194 disceptationem

111 1207 242 1269 vocatum¹
253 1208 281 1256 et
301 1202 398 1258 saltem
414 1203 494 1257 titulo
510 1202 545 1257 de
564 1203 681 1258 meliore
697 1209 761 1260 nota
784 1207 1014 1277 commendatum,

111 1287 231 1357 denique
248 1297 264 1341 'a
278 1285 370 1355 nobis,
387 1285 440 1341 nisi
457 1285 562 1341 animos
577 1286 666 1356 fauit,
682 1287 823 1358 aliquanto
839 1291 1011 1346 emendatio·

110 1369 298 1427 renn‘lactum.
551 1399 562 1427 ι

174 1453 271 1509 Exstat
287 1453 399 1510 lib'ellus
415 1459 543 1523 quantum
555 1453 705 1524 explorare
718 1455 804 1525 potui,
820 1470 876 1512 non
892 1455 1013 1526 amplios

111 1539 197 1593 semel
213 1553 291 1592 mana
309 1537 444 1608 scriptus,
460 1537 487 1591 in
503 1534 601 1593 codice
618 1536 700 1592 Saeo.
717 1537 764 1606 IX,
783 1539 830 1609 qui
849 1539 914 1594 olim
929 1539 1011 1593 loan-

111 1623 154 1676 nis
168 1620 288 1676 Bouhier
302 1619 420 1676 Divione
436 1620 502 1688 tait,
521 1636 592 1675 nuno
609 1620 867 1692 montepessulanus
885 1629 942 1692 cst,
958 1637 1012 1676 nu-

110 1717 187 1758 mero
207 1709 257 1763 306
277 1704 432 1758 distinctus.
477 1704 507 1758 ln
531 1719 564 1760 eo
588 1704 705 1772 codice,
729 1709 758 1758 ut
779 1705 937 1775 singulatim
959 1720 1012 1760 ex·

110 1787 223 1858 ponitur
237 1787 265 1841 in
286 1785 439 1856 Catalogue
456 1787 571 1856 pontrel
589 1788 639 1841 des
655 1787 819 1842 manuscrits
842 1788 892 1843 des
907 1789 1008 1858 depar-

110 1876 227 1927 tements
245 1876 299 1942 lp.
316 1875 377 1939 409,
394 1869 580 1939 Synonpmica
597 1868 731 1941 opuscula
745 1869 887 1941 complure
906 1871 1008 1938 insunt,

108 1971 164 2009 non
182 1960 284 2009 tantum
297 1953 430 2024 Agroecii
448 1960 476 2008 et
486 1953 586 2008 isidori
603 1952 734 2023 genuina,
750 1954 800 2006 sed
813 1952 894 2007 Probi
902 1951 1011 2008 Valerii
1070 1969 1075 1978 ·

110 2053 221 2109 quoquo
238 2042 265 2093 et
271 2036 383 2107 Virgilii
394 2042 424 2091 et
430 2035 574 2092 Ciceronis
588 2036 634 2091 vel
650 2034 798 2092 subditicio
808 2036 852 2090 vel
864 2041 1006 2107 suspecta,

107 2127 256 2192 praeterea
275 2120 398 2175 eiusdem
410 2120 523 2190 generis
538 2120 592 2175 alia
605 2119 665 2174 sine
681 2124 822 2174 auctorum
840 2120 1007 2175 nominibus.

108 2204 206 2258 Exeo
229 2204 327 2259 codice
354 2218 414 2259 oum
435 2203 488 2259 alin
509 2208 564 2257 tum
586 2204 656 2258 bano
679 2202 841 2274 particulam
857 2203 1011 2275 descripsit

107 2286 251 2357 Phiiippus
267 2273 402 2343 d'Orrille
419 2286 560 2355 ediditque
582 2302 604 2341 a
625 2287 719 2346 ttae
712 2302 738 2341 ιιι
753 2285 940 2342 miscellaneis
957 2288 1010 2343 ob-

107 2370 316 2426 secretionibus
328 2370 440 2428 novisit
463 2383 490 2441 p
508 2372 557 2428 977
574 2385 634 2440 sqq
677 2369 807 2427 Eiusdem
822 2370 1009 2441 antiquissimi

108 2452 217 2508 codicis
233 2454 341 2525 copiam
365 2452 536 2508 obsiderioo
553 2453 666 2508 btbner
684 2454 784 2509 tactam
800 2455 930 2525 donoque
951 2452 1009 2509 sibi

108 2537 199 2592 datam
231 2536 443 2591 llridericus
468 2536 611 2591 liitscbl
635 2536 700 2591 mibi
725 2537 852 2593 utendam
866 2536 1012 2608 permisit,

61 2644 68 2656 ·
109 2618 190 2674 cuins
207 2619 335 2675 beneficii
353 2619 484 2673 maximas
501 2620 618 2689 egregio
631 2619 695 2674 viro
710 2620 815 2690 gratias
831 2634 896 2688 eqo.
932 2618 1008 2671 'litu-

106 2697 198 2776 los“)
221 2708 277 2757 est:
300 2700 516 2758 lNclllVNT
539 2701 787 2757 differentiae
810 2716 1009 2756 sermonum

106 2786 202 2841 Remi
225 2784 427 2841 Polemonis
450 2796 493 2839 ex
512 2783 609 2841 libro
627 2784 812 2853 Suetonii,
837 2784 1012 2856 subscriptio

177 2980 223 3044 93)
245 2982 297 3047 Ipsi
313 2982 385 3030 titulo
402 2982 474 3061 quasi
494 2980 617 3046 prologi
611 2988 690 3027 instar
704 2977 766 3026 haec
779 2980 919 3044 praemissa
935 2987 1009 3029 suutt

104 3048 244 3099 ‘Palemon
267 3050 426 3099 Vicetinua'
420 3050 529 3115 insignis
556 3048 734 3114 grammaticus
760 3047 854 3097 Romae
883 3046 1008 3107 hebetum

103 3120 165 3182 qni
167 3119 295 3183 quondam
314 3119 484 3183 interrogatus
503 3117 563 3180 quid
579 3118 645 3166 inter
664 3115 756 3165 stillam
775 3124 800 3165 et
811 3124 906 3181 gattam
927 3117 1005 3167 inter·

102 3196 182 3248 emet,
199 3186 274 3238 Gutta
289 3188 370 3249 iuquit
387 3194 445 3245 stat,
464 3186 530 3237 stilla
546 3186 626 3235 cadit’
643 3199 707 3247 quae
725 3186 801 3234 verba
815 3200 847 3233 ox
863 3184 1007 3249 Hieronymi

102 3256 225 3306 chronico
249 3256 374 3321 descripta
393 3269 424 3305 su
455 3269 471 3304 o
492 3255 578 3305 adnot.
598 3251 633 3303 60
655 3254 912 3304 commemoravimus
955 3250 1006 3302 Sed

101 3338 192 3374 errore
211 3322 305 3372 iactum
321 3330 359 3372 est
374 3331 400 3372 ut
438 3321 565 3372 orvillius
565 3336 672 3385 eumque
690 3329 791 3371 secutus
808 3321 922 3370 Haudius
939 3320 1009 3369 bunc

99 3393 250 3473 prologum
255 3390 338 3441 libello
356 3391 470 3456 proxime
485 3391 641 3455 praescripto
655 3398 781 3453 tamquam
797 3390 926 3455 epilogum
945 3387 1006 3437 sub·

99 3460 249 3527 iungerent.
