2475 3775
137 143 199 214 222
226 156 257 204 c.
273 156 424 205 sunnonr
442 157 571 218 anano.
588 158 636 206 nn
652 159 735 206 vrna
751 157 934 230 cassanum
949 157 1018 205 nan.
1031 158 1094 206 vn.

138 321 225 374 nocte
245 312 435 390 interposita,
464 314 559 391 primo
580 311 709 378 dituculo
734 311 1073 380 sordidatus-descendit
1099 312 1137 374 ad

138 405 234 459 rostra
250 395 407 478 multisque
422 414 486 458 cnm
501 397 630 462 lacrimis
651 397 753 461 eudem
771 397 836 475 illa,
856 414 958 460 veruna
980 415 997 456 e
1024 395 1134 474 libello,

136 489 259 542 testatus
275 488 329 540 cst.
361 481 475 542 Rursus
489 482 695 561 interpellante
710 481 802 544 nuilite
815 499 851 542 ac
869 481 980 561 populo
994 489 1075 545 etue
1085 479 1133 542 de-

136 568 239 636 iiceret
255 563 388 626 hortante
405 581 578 644 omnemque
592 583 713 646 operata
726 581 808 629 suam
820 566 949 629 cerastim
960 565 1132 644 pollicente,

137 651 261 713 amatum
280 650 438 728 resumpsit
456 649 652 729 Sabinamque
676 660 706 712 et
726 651 858 728 reliquos
882 649 1038 710 Flavianos
1064 647 1152 712 nihils

136 738 192 795 iam
206 735 359 794 metuentis
373 733 403 792 ri
419 732 513 796 subita
527 735 557 794 in
573 732 752 814 capitolium
764 733 915 813 compulit,
931 748 1132 810 succensoque

136 818 246 898 templo
264 817 346 877 loris
360 816 468 895 Optimi
482 817 601 881 blasiani
616 820 776 900 oppressit.
809 815 882 881 Cum
900 826 932 878 et
946 817 1089 896 proelium
1103 825 1133 876 et

134 901 296 964 incendium
311 920 329 960 e
344 899 499 962 Tiberiana
514 904 702 982 prospiceret
721 902 806 966 domo
829 903 904 962 inter
925 901 1047 980 epulas,
1075 917 1132 960 uon

54 1005 63 1022 Ι
133 987 223 1047 multo
239 994 308 1064 post
325 985 479 1063 paenitens
495 985 566 1046 iacti
582 988 654 1063 etin
670 987 745 1048 alios
760 986 875 1066 culpam
891 985 1066 1062 conferens,
1082 1001 1130 1044 uo-

134 1079 196 1130 catu
213 1069 350 1138 contione
366 1069 470 1128 iurarit
486 1071 646 1149 coegitque
658 1073 755 1135 iurare
779 1081 808 1133 et
830 1078 966 1148 ceteros,
986 1067 1058 1131 nibil
1069 1067 1132 1128 sibi
1140 1081 1160 1122 u

133 1153 276 1231 andonius
291 1153 390 1230 qn'qte
405 1152 523 1232 publica
536 1153 612 1216 iore.
644 1155 726 1218 Tunc
741 1154 866 1217 solutum
882 1153 1005 1216 alatere
1029 1151 1130 1231 pugio·

133 1254 199 1297 nem
213 1237 326 1311 consuli
341 1238 473 1315 pannum,
491 1237 597 1303 deinde
612 1239 665 1299 illo
679 1248 835 1301 recusante
856 1235 1075 1314 magistratibus
1097 1255 1133 1299 ac

132 1339 201 1385 mox
216 1320 401 1385 senatoribus
415 1320 538 1399 singulis
552 1324 729 1402 porrigens,
751 1323 832 1386 nullo
847 1317 1030 1400 recipiente,
1051 1321 1132 1399 quasi

132 1408 162 1466 in
175 1405 249 1466 aede
264 1403 448 1467 Concordiae
465 1408 614 1485 positurus
629 1407 782 1468 abscessit.
816 1407 875 1468 Sed
890 1404 1069 1484 quibusdam
1084 1405 1131 1466 ad·

133 1489 332 1568 clamantibus,
347 1492 449 1568 ipsum
463 1507 533 1552 crac
547 1489 767 1566 Concordiam,
782 1489 868 1556 rediit
880 1507 938 1550 nec
952 1489 1045 1550 solum
1060 1491 1128 1550 reti·
1142 1511 1164 1552 ιι

132 1593 204 1636 nere
218 1591 253 1634 se
268 1574 377 1634 ferrum
387 1574 556 1651 difirmavit,
568 1593 669 1638 verum
685 1579 772 1636 edam
788 1573 978 1638 Concordiam
993 1573 1133 1650 recipere

91 1673 124 1729 16
132 1675 311 1736 cognomem
328 1657 478 1738 suasitq‘ne
494 1662 624 1737 senatui,
640 1669 671 1720 ut
683 1661 802 1738 legatos
818 1677 882 1720 cum
897 1655 1131 1736 virginibusve

132 1741 252 1805 stalibus
267 1742 425 1820 mitterent,
440 1760 544 1822 pacem
559 1753 608 1808 aut
626 1753 708 1804 certe
722 1754 838 1823 tempus
852 1743 889 1804 ad
912 1739 1133 1806 consultandum

153 1827 285 1891 abituros.
384 1867 387 1871 -
914 1875 917 1884 ,

131 1844 150 1907 p
194 1911 337 1974 Postridie
352 1930 496 1993 responsa
511 1913 679 1994 opperienti
694 1914 851 1976 nuntiatum
866 1922 911 1973 est
926 1930 980 1991 per
994 1910 1132 1991 explora·
1141 1932 1165 1973 no
1211 1984 1212 1991 ἵ

131 2005 236 2071 torem,
251 1997 353 2057 bostes
367 2000 618 2077 appropinquare.
644 1995 794 2060 ⁴Continuo
810 1998 897 2075 igitur
912 1994 1067 2061 abstrusus
1079 2014 1132 2073 ge·
1211 2038 1212 2047 ι

132 2081 252 2140 statoria
268 2079 353 2157 sella,
370 2080 483 2143 duobus
501 2082 572 2143 solis
588 2080 753 2159 comitibus,
763 2082 875 2160 pistore
888 2090 918 2141 et
929 2097 1016 2157 coco,
1031 2080 1131 2141 Aren·
1211 2052 1212 2136 d

130 2165 219 2221 tinum
238 2170 266 2221 et
279 2171 430 2241 paternam
445 2165 558 2225 domum
575 2165 649 2225 clam
663 2167 752 2245 petit,
767 2174 799 2225 ut
813 2164 880 2227 inde
896 2167 926 2229 in
942 2162 1132 2243 Campaniam

129 2246 262 2322 lugeret;
277 2264 347 2307 mox
361 2247 420 2307 leri
435 2266 551 2309 rumore
566 2258 598 2308 et
609 2251 732 2327 incerto,
748 2249 892 2330 tamquam
905 2266 963 2329 pax
975 2250 1132 2327 impetrata

130 2337 225 2406 esset,
242 2329 349 2392 re'ierri
365 2348 398 2391 se
415 2331 444 2389 in
460 2332 599 2394 Palatium
623 2351 726 2413 passius
750 2344 804 2397 est.
850 2334 907 2397 Ubi
927 2350 992 2395 curu
1012 2328 1166 2401 deserturi

131 2414 226 2477 omnia
241 2415 415 2493 reperisset,
426 2414 623 2477 dilabentibus
635 2427 664 2478 et
675 2421 723 2497 qui
738 2418 822 2481 simul
835 2427 928 2495 erant,
947 2436 1022 2479 aona
1035 2435 1069 2477 se
1084 2435 1131 2479 au·

129 2517 247 2561 reorum
263 2498 351 2578 plens
365 2500 555 2561 circumdedit
569 2502 763 2582 confugitque
777 2506 806 2563 iu
827 2503 969 2569 cellulam,
986 2502 1132 2576 ianitoris,

129 2584 257 2662 religato
273 2602 327 2663 pro
343 2584 456 2646 foribus
468 2597 542 2647 cane
557 2586 699 2665 lectoque
715 2597 744 2647 et
760 2588 865 2652 culcita
878 2587 1016 2657 obiectis.

90 2677 121 2732 17
192 2667 362 2748 Irruperant
385 2670 442 2731 iam
463 2671 588 2748 agminis
608 2680 816 2733 antecessores
836 2688 871 2731 ac
893 2672 1008 2733 nemine
1039 2668 1131 2729 obvio

129 2750 315 2830 rimabantur,
334 2762 364 2813 ut
380 2756 421 2832 lit,
436 2754 560 2833 singula.
604 2756 652 2819 Ab
670 2756 716 2819 bis
730 2763 881 2819 extractus
897 2774 914 2817 e
930 2754 1054 2830 latebra,
1074 2755 1164 2814 sci-so

130 2834 280 2911 scitantes,
297 2838 363 2915 quis
378 2848 458 2901 esset
474 2841 556 2919 (nam
571 2840 776 2917 ignorabatur)
792 2848 822 2899 et
835 2838 884 2899 ubi
899 2857 967 2901 esse
979 2837 1131 2901 Vitellium
1208 2856 1209 2869 ³

130 2916 228 2992 sciret,
244 2920 396 2983 mendacio
413 2923 513 2993 elusit;
530 2922 635 2991 deinde
650 2926 782 3002 agnitus,
795 2941 905 3001 rogare
929 2942 988 2985 non
1009 2921 1131 2996 destitit,
1208 2884 1209 2952 d

130 3000 213 3078 quasi
229 3001 371 3078 quaedam
388 3004 425 3067 de
442 3007 535 3070 salute
551 3009 724 3087 Vespasiani
741 3007 887 3085 dicturus,
914 3018 944 3069 ut
968 3005 1131 3073 custodire·

129 3091 175 3143 tur
189 3084 303 3144 interim
320 3087 369 3146 uel
384 3090 413 3149 in
431 3108 562 3169 carcere,
577 3092 674 3153 donec
688 3092 821 3170 religatis
843 3101 911 3173 post
932 3102 1019 3171 torpa
1040 3090 1130 3151 mani·
1207 3124 1208 3129 ι

26 3174 27 3177 ’
127 3165 194 3244 bns,
210 3168 319 3229 iniecto
337 3172 505 3235 cervicibus
520 3175 643 3254 laqueo,
666 3186 749 3237 veste
770 3176 893 3240 discissa
914 3174 1081 3239 seminudus
1101 3174 1162 3233 inas
1207 3132 1208 3222 d

127 3250 223 3312 iorum
238 3260 350 3314 tractus
364 3263 410 3313 est
431 3256 506 3317 inter
522 3276 627 3337 magna
648 3278 743 3322 rerum
767 3261 983 3341 verborumque
1004 3258 1131 3319 ludibria

128 3352 183 3410 per
197 3345 288 3398 totum
310 3337 376 3398 dae
391 3338 502 3401 Sacrae
528 3346 670 3421 spatium,¹
691 3343 812 3405 reducto
833 3363 916 3407 coma
940 3345 1050 3425 capite,
1073 3358 1131 3403 ceu
1206 3386 1207 3425 ,

128 3420 207 3477 noxii
221 3420 329 3497 solent,
346 3429 434 3500 atque
449 3424 535 3484 etiam
549 3436 646 3487 mento
663 3444 801 3492 mucrone
814 3428 908 3507 ‘gladii
923 3428 1082 3504 subrecto,
1098 3432 1132 3485 ut
1206 3426 1207 3494 l

97 3664 142 3721 k
