2475 3775
149 588 155 606 ¹
270 603 314 688 C.
347 601 585 688 SUETON'I
613 602 952 703 TRANQUILLI

40 724 54 747 ’
134 785 253 886 uu
298 723 536 888 vru'a
591 786 1101 905 causarum

447 1020 450 1024 -
504 936 663 1045 'umus
687 981 726 1046 v.

370 1139 544 1218 arvus
576 1103 863 1218 eunomus

497 1339 502 1342 .
543 1321 692 1340 ———l-

95 1500 127 1566 5*
183 1488 297 1550 Patrem
325 1487 427 1550 Claudi
455 1488 590 1550 Caesaris
616 1451 754 1566 Drusum,¹
789 1490 856 1549 olim
881 1489 1028 1552 Decimum
1051 1509 1146 1562 mex1

116 1573 264 1634 Neronem
281 1575 483 1652 praenomine,
510 1573 609 1650 Livia,
638 1591 703 1636 cum
716 1573 850 1652 Anguste
865 1573 985 1650 gravida
1006 1578 1117 1654 nupsis-

115 1667 179 1733 set,
208 1661 283 1719 intra
307 1674 436 1718 mensem
458 1659 572 1718 tertium
599 1659 730 1738 peperit,
750 1659 877 1737 -fuitque
904 1659 1048 1736 suspicio,
1080 1681 1118 1724 ex

115 1739 220 1803 vitrico
233 1760 287 1820 per
301 1741 435 1802 adulterii
450 1741 687 1804 consuetudinem
702 1751 897 1821 procreatum.
925 1743 1024 1803 Statim
1038 1755 1118 1805 certe

115 1827 259 1904 vulgatus.
267 1834 313 1885 est
327 1843 445 1884 versus:

77 1940 108 1982 10
323 1914 394 1981 Τοῖς
411 1900 566 1987 εὐτυχοῦσι
579 1907 631 1969 καὶ
648 1909 902 1989 saloma-murdim.

114 1998 145 2059 Is
160 1994 272 2055 Drusus
296 1993 326 2053 in
343 2003 515 2073 quaesturae
541 2002 753 2075 praeturaeque
778 1994 890 2056 honore
912 1992 970 2055 dax
994 1996 1118 2074 Raetici,

115 2078 221 2143 deinde
250 2078 412 2139 Germanici
439 2077 509 2140 helii
540 2077 686 2141 Oceanum
717 2078 981 2159 septemtrionalem
1010 2082 1119 2159 primus

113 2168 310 2227 Romanorum
333 2162 436 2227 ducum
456 2164 604 2239 navigavit
624 2172 762 2243 transque
783 2162 914 2225 Rhenum
934 2164 1030 2225 iussas
1050 2167 1119 2226 navi

115 2259 147 2310 et
167 2249 297 2309 immensi
318 2248 418 2325 operis
439 2248 557 2323 effecit,
586 2266 660 2327 quae
688 2266 763 2309 nuuc
788 2246 880 2309 adhuc
903 2246 1045 2309 Drusinae
1067 2268 1117 2309 vo·

78 2342 228 2396 secantur.
271 2330 392 2392 llostem
412 2333 498 2393 etiam
518 2332 688 2411 frequenter
708 2350 824 2393 caesum
846 2350 883 2395 ac
904 2333 1016 2411 penitus
1034 2333 1063 2391 in
1078 2335 1117 2392 in·

22 2458 30 2470 -
113 2421 200 2479 umas
221 2415 396 2477 solitudines
425 2426 519 2477 actum
545 2430 611 2479 uon¹
633 2418 712 2496 prius
737 2416 845 2475 destitit
874 2416 1003 2494 insequi,
1034 2432 1118 2492 quam

115 2502 235 2581 species
247 2500 392 2569 barbarae
414 2501 557 2576 mulieris,
587 2500 709 2567 humana
732 2498 870 2579 amplior,
899 2500 1042 2559 victorem
1057 2507 1117 2557 teo·

108 2587 188 2647 ‘dere
203 2583 277 2645 ultra
293 2602 428 2644 sermone
444 2584 545 2645 Latine
561 2585 768 2661 prohibuisset.
800 2584 879 2657 Quas
896 2582 933 2643 ab
948 2600 998 2641 res
1014 2580 1118 2643 ovandi
1143 2634 1144 2639 ,

115 2673 162 2731 ins
185 2678 215 2729 et
233 2667 603 2747 triumphalia'ornamenta
625 2668 769 2746 percepit;
801 2684 847 2727 ac·
861 2673 928 2745 post
956 2672 1118 2743 praeturam

77 2754 271 2816 reconfestim
283 2754 354 2812 inito
377 2751 527 2821 consulatu
543 2759 627 2829 atque
644 2750 829 2830 expeditione
844 2750 984 2829 repetita,
1017 2767 1117 2829 supre-

114 2858 191 2900 mum
205 2836 282 2897 diem
304 2834 407 2895 morhe
424 2835 496 2896 ohiit
513 2836 544 2894 iu
566 2836 685 2897 aestivis
700 2834 820 2910 omnis,
852 2852 926 2913 quae
941 2852 979 2893 ex
993 2848 1030 2893 eo
1047 2834 1116 2894 Sce-

114 2925 207 2984 lerata
223 2929 289 2982 sunt
308 2920 465 2999 appellata.
510 2917 625 2998 Corpus
645 2920 706 2979 eius
727 2937 781 2999 per
802 2919 1019 2997 municipiorum
1037 2917 1116 2979 colo·

114 3010 284 3085 uiaramque
306 3005 465 3084 primores,
495 3004 720 3082 suscipientibus
739 3002 831 3063 obviis
852 3001 1009 3063 scribarum
1031 3002 1116 3063 decu·

114 3095 172 3170 ris,
202 3092 239 3153 ad
256 3089 357 3162 urbem
378 3088 530 3149 devectum
553 3088 754 3168 sepultumque
772 3095 818 3145 est
837 3087 866 3146 ia
883 3103 985 3165 campo
1001 3084 1116 3145 Martio.

78 3177 254 3239 eceteram
278 3174 426 3235 exercitus
447 3171 630 3233 honorarium
653 3174 681 3233 ei
700 3170 835 3233 tumulum
856 3172 1007 3245 excitavit,
1038 3172 1117 3229 circa

115 3280 203 3342 quam
217 3261 358 3338 deinceps
371 3266 446 3318 stato
466 3256 512 3317 dic
526 3266 597 3337 quot
613 3258 695 3317 annis
716 3256 799 3315 miles
820 3255 991 3317 decurreret
1011 3250 1115 3315 Gallia-

113 3364 236 3426 rumque
261 3345 394 3406 civitates
417 3341 535 3422 publice
562 3341 769 3420 supplicarent.
813 3339 969 3401 haeterea
1001 3342 1116 3393 senatus

112 3434 191 3493 inter
206 3430 263 3491 alia
277 3428 427 3507 complura
445 3444 635 3488 marmoreum
650 3440 747 3486 arcum
766 3442 828 3485 cum
845 3420 976 3565 tropggis
991 3418 1038 3476 via
1055 3414 1116 3495 Ap·
