2475 3775
372 200 377 212 ·
458 166 565 224 uivus
585 175 770 226 mannans.
1055 167 1115 230 149
1183 227 1185 234 ,

116 329 287 410 sicquidem
303 331 457 412 quicquam
471 329 619 406 dignitatis
640 332 757 409 assequi
771 340 819 392 aut
840 350 923 411 spem
938 332 974 392 dc
988 352 1020 394 se
1039 351 1116 394 com·

115 410 273 474 moliorem
288 416 318 474 in
334 423 482 494 posterum
498 413 598 475 iacere
613 415 717 492 potuit.

178 498 271 559 iiater
285 495 412 559 Antonia
429 503 603 576 portantum
625 515 693 558 eum
717 496 849 558 bominis
866 498 1030 577 dictitabat,
1060 520 1118 562 mec

115 580 293 644 absolutum
306 601 329 643 a
341 590 474 658 natura,
502 581 559 665 scd
578 587 696 642 tautum
713 581 890 644 inoboatur'u
897 607 913 654 ,·
943 601 978 645 ac
993 585 1017 642 si
1033 602 1117 663 quem

90 667 269 731 soccorbiae
293 674 445 743 argueret,
478 665 649 727 stultiorem
663 665 770 728 ,aiebat
792 665 858 744 filia
889 683 946 728 suo
973 665 1116 728 Claudio.

113 749 190 810 Auia
206 750 338 827 Augusta
363 766 416 828 pro
432 751 655 828 despectissimo
675 767 792 828 semper
813 748 928 827 babuit,
957 768 1016 810 non
1037 751 1118 813 atiani
1188 749 1191 765 '

112 834 169 892 nisi
183 835 345 911 rarissime,
376 850 434 893 non
447 849 567 894 monere
586 833 641 892 nisi
659 833 768 894 acerbo
785 842 814 892 et
831 833 914 894 brevi
936 835 1047 914 scripto
1071 828 1119 894 ant

113 935 169 995 per
186 917 375 978 internuntios
394 917 489 977 solitu.
533 918 627 980 Soror
643 916 745 978 Liuilla
758 935 820 976 cum
841 917 969 984 audisset
989 918 1116 997 quandoss

72 1062 77 1068 ,
113 1017 173 1142 pue
195 1002 422 1079 imperaturum,
450 1011 508 1062 tam
533 1001 660 1088 iniquam
690 1011 719 1062 et
749 1010 806 1063 tam
834 1000 978 1078 indignam
1009 1011 1124 1064 sontem·

75 1107 106 1149 no
137 1084 195 1144 .R.
211 1083 305 1162 pelam
328 1093 358 1143 et
381 1083 461 1144 clarc
485 1084 630 1145 detestata
651 1094 726 1166 est.x
748 1083 822 1146 Nam
844 1085 1003 1146 auunculus
1025 1087 1118 1146 maior

109 1166 261 1244 Angustus
282 1167 351 1248 quib
372 1165 410 1226 be
429 1184 467 1228 eo
485 1170 516 1228 in
534 1177 684 1248 utramque
706 1177 817 1248 partem
834 1171 967 1247 opinatus
982 1172 1035 1247 sit,
1059 1187 1117 1248 quo

112 1253 221 1312 certius
238 1261 452 1329 cognoscatur,
482 1252 577 1331 capita
594 1253 741 1332 exipsius
757 1253 889 1330 epistulis
905 1255 1000 1332 posui.

177 1333 354 1396 Collocutus
369 1353 437 1395 sum
452 1354 521 1396 cum
538 1335 677 1412 Tiberio,
699 1342 735 1396 ut
754 1333 914 1396 mandasti
928 1355 998 1398 mea
1013 1335 1116 1414 Liuia,
1132 1342 1151 1396 4

112 1416 189 1496 pato
207 1419 312 1496 nepoti
334 1426 387 1482 tao
405 1417 528 1480 Tiberio
547 1419 727 1498 faoimtdum
751 1426 834 1481 esset
853 1419 936 1480 ludis
960 1419 1116 1482 Martiali-

75 1501 195 1565 mbas·
228 1501 387 1564 Couscutit
398 1510 502 1564 autem
513 1511 642 1584 mosque
657 1510 810 1581 nostrum,
837 1504 932 1566 semel
945 1503 1037 1584 uobis
1053 1522 1120 1565 esse

111 1585 324 1662 statuendum,
351 1587 438 1666 'quod
458 1588 620 1649 consilium
638 1589 671 1648 iu
689 1588 744 1650 illo
764 1605 941 1668 sequamur.
961 1585 1067 1649 suom
1091 1586 1121 1649 si

111 1670 276 1730 catartico
290 1666 340 1756 (at
355 1671 402 1731 ita
417 1669 536 1754 alicam)
554 1672 745 1748 bolaclcras,
775 1671 851 1753 quial
867 1679 914 1733 cst
935 1673 1018 1754 quod
1032 1671 1118 1732 dubi·

113 1760 226 1829 temus,
256 1755 329 1834 qaia
344 1754 539 1832 personalem
554 1756 706 1818 articulos
722 1763 752 1816 at
764 1757 885 1836 prauus
897 1757 1120 1836 producendus
1185 1826 1188 1834 Ι

111 1837 169 1914 sit,
199 1855 259 1915 per
286 1852 365 1917 quos
393 1838 499 1917 [rator
526 1840 594 1901 cius
619 1839 795 1919 productus
821 1840 888 1901 sit?
931 1839 988 1902 Siu
1018 1845 1119 1901 autam

74 1910 326 2000 20rjluraobabac
342 1924 489 2002 scutimus
507 1943 575 1985 cum
589 1931 619 1985 ct
631 1916 826 2005 βεβλάφθαι
843 1918 899 1987 ual
921 1922 968 1997 εἰς
983 1912 1045 2005 τὴν
1057 1920 1120 1985 τοῦ

113 1997 266 2083 σώματος
288 1998 403 2079 uulsis
426 1996 489 2088 τὴν
512 2005 570 2089 τῆς
590 2008 698 2089 ψυχῆς
716 1998 909 2089 ἀρτιότητα,
934 2007 1119 2088 prcabcuda

110 2089 247 2149 materia
261 2088 424 2153 deridendi
442 2099 472 2153 et
486 2091 574 2154 illum
595 2098 626 2153 cl
649 2111 792 2169 masuam
811 2099 859 2153 cst
879 2092 1053 2155 bominibus
1078 2080 1119 2151 ccl

110 2169 251 2233 τοιαῦτα
266 2166 433 2237 σκώπτειν
447 2170 504 2237 καὶ
516 2175 729 2257 μνιιτηρίζειν
749 2168 919 2239 etesiaca,
946 2175 1028 2239 Nam
1038 2194 1116 2237 scm-

108 2275 171 2335 per
185 2258 414 2337 aestuabimus,
442 2261 472 2321 si
487 2261 526 2322 cle
545 2260 676 2342 siupulis
698 2262 840 2325 articulis
860 2262 1117 2341 temporumdeli·

73 2365 102 2405 ιι
112 2340 308 2418 barabimus,
330 2333 375 2424 μὴ
389 2342 681 2427 moobuoascps‘uoo
698 2336 778 2427 ἡμῖν
790 2364 911 2431 posse
930 2346 1119 2408 arbitremur

102 2444 182 2506 acum
192 2444 303 2505 amara
317 2427 466 2505 bauorcs,
495 2448 598 2491 mamm.
616 2452 621 2460 ·
643 2428 682 2491 im
695 2430 877 2510 praeseutia
893 2438 993 2492 tamen
1008 2429 1119 2513 quibus

109 2509 153 2568 ‹lc
166 2508 260 2570 rebus
281 2512 435 2589 causalis,
468 2531 583 2576 curare
602 2533 671 2575 mam
691 2516 776 2577 ludis
798 2513 1000 2576 Martialibus
1018 2513 1116 2574 tricli-

110 2593 198 2653 nium
213 2595 411 2655 sacerdotum
430 2614 493 2656 acu
507 2597 651 2675 displicet
669 2598 776 2675 nabis,
803 2599 833 2658 si
846 2604 894 2658 est
908 2609 1065 2675 passurus
1084 2613 1119 2655 sa

113 2676 156 2737 ab
185 2676 288 2739 Silani
315 2678 382 2756 pilio
412 2679 532 2740 bambae
559 2680 623 2740 sibi
651 2680 742 2761 affici
771 2680 947 2756 admoueri,
975 2698 1014 2740 uc
1038 2678 1120 2760 ‘quial

73 2760 218 2841 sosaciat
240 2762 324 2841 quod
348 2760 488 2840 conspici
511 2770 541 2823 et
566 2763 704 2824 der-idern·
723 2764 833 2843 possit.
878 2762 1029 2843 Spectarc
1051 2782 1118 2846 cum

113 2846 270 2907 circcmcs
284 2864 324 2906 ea
334 2846 511 2924 pulvinari,
539 2849 718 2926 complacet
731 2844 841 2918 uobis,·
864 2848 1024 2927 capacitas
1039 2849 1118 2909 euim

112 2928 266 3007 infracta
282 2930 390 3008 prima
406 2930 670 3009 spectaculorum,
699 2930 914 3009 conspicietur.
959 2930 997 2993 Ιιι
1018 2930 1115 2995 Alba·

112 3032 186 3074 mum
199 3019 330 3076 mactem
345 3013 393 3073 ire
406 3032 490 3091 cum,
519 3034 581 3077 mou
593 3017 699 3094 placet
710 3013 819 3092 uobis,
849 3023 904 3076 aut
918 3034 985 3077 essa
999 3016 1118 3077 Romae

112 3096 442 3160 Latinas-umaliebas.
488 3098 553 3160 Cur
577 3102 656 3161 cuim
671 3117 743 3163 *aaa
763 3100 948 3180 praeficitur
973 3099 1060 3176 urbi,
1089 3100 1119 3160 si

75 3188 218 3260 espotcst
239 3182 328 3263 sequi
349 3181 484 3260 fratrem
502 3202 592 3245 suum
615 3185 649 3245 iu
667 3187 818 3246 moereat
850 3178 1114 3260 iscbbs'uostros,

112 3284 184 3326 mea
208 3264 315 3344 Liria,
338 3266 521 3344 sestertias,
551 3268 662 3348 quibus
682 3268 790 3349 placat
813 3269 906 3330 semel
933 3269 971 3328 bc
993 3275 1058 3329 tcta
1081 3284 1117 3327 rc
1215 3336 1219 3340 .

114 3349 237 3430 aliquid
253 3351 414 3428 constitui,
445 3369 484 3413 uc
498 3370 619 3431 scrupea
635 3354 714 3415 iuter
729 3370 814 3435 spem
828 3358 857 3421 ct
869 3359 978 3413 mamm
989 3348 1115 3427 fluctue-

96 3432 195 3496 mus.
239 3432 359 3497 Licebit
375 3442 491 3514 autera,
520 3437 663 3517 acates,
689 3434 843 3500 Antoniae
860 3452 978 3517 quaqua
991 3437 1118 3493 nostrae
