<?xml version="1.0" encoding="UTF-8"?>
<!DOCTYPE html PUBLIC "-//W3C//DTD XHTML 1.0 Transitional//EN"
    "http://www.w3.org/TR/xhtml1/DTD/xhtml1-transitional.dtd">
<html xmlns="http://www.w3.org/1999/xhtml" xml:lang="en" lang="en">
 <head>
  <title>
</title>
<meta http-equiv="Content-Type" content="text/html;charset=utf-8" />
  <meta name='ocr-system' content='tesseract 3.04.00' />
  <meta name='ocr-capabilities' content='ocr_page ocr_carea ocr_par ocr_line ocrx_word'/>
</head>
<body>
  <div class='ocr_page' id='page_1' title='image "./csuetonitranqui03rothgoog_0309.png"; bbox 0 0 2475 3775; ppageno 0'>
   <div class='ocr_carea' id='block_1_1' title="bbox 141 471 1205 855">
    <p class='ocr_par' dir='ltr' id='par_1_1' title="bbox 141 471 1205 887">
     <span class='ocr_line' id='line_1_1' title="bbox 185 471 1124 654; baseline -0.002 -4"><span class='ocrx_word' id='word_1_1' title='bbox 185 573 189 576; x_wconf 84' lang='lat'><strong>·</strong></span> <span class='ocrx_word' id='word_1_2' title='bbox 283 564 327 650; x_wconf 86' lang='lat' dir='ltr'>c.</span> <span class='ocrx_word' id='word_1_3' title='bbox 358 564 597 648; x_wconf 79' lang='lat' dir='ltr'>suuuoru</span> <span class='ocrx_word' id='word_1_4' title='bbox 626 502 986 654; x_wconf 80' lang='lat' dir='ltr'>uanuoumur·</span> <span class='ocrx_word' id='word_1_5' title='bbox 1058 516 1060 522; x_wconf 54' lang='lat'><em>&#39;</em></span> <span class='ocrx_word' id='word_1_6' title='bbox 1121 471 1124 475; x_wconf 4' lang='grc' dir='ltr'><strong>λ</strong></span> 
     </span>
     <span class='ocr_line' id='line_1_2' title="bbox 141 682 1205 855; baseline 0 -1"><span class='ocrx_word' id='word_1_7' title='bbox 141 682 1113 855; x_wconf 77' lang='lat' dir='ltr'>Duvuunonusnucm</span> <span class='ocrx_word' id='word_1_8' title='bbox 1203 763 1205 768; x_wconf 93' lang='grc'><strong><em>·</em></strong></span> 
     </span>
    </p>
   </div>
   <div class='ocr_carea' id='block_1_2' title="bbox 503 928 818 1022">
    <p class='ocr_par' dir='ltr' id='par_1_2' title="bbox 503 928 818 1022">
     <span class='ocr_line' id='line_1_3' title="bbox 503 928 818 1022; baseline 0 -4"><span class='ocrx_word' id='word_1_9' title='bbox 503 928 645 1022; x_wconf 75' lang='lat' dir='ltr'>&#39;nmen</span> <span class='ocrx_word' id='word_1_10' title='bbox 669 951 745 1018; x_wconf 87' lang='lat' dir='ltr'>vu.</span> <span class='ocrx_word' id='word_1_11' title='bbox 815 931 818 934; x_wconf 80' lang='grc'><strong>’</strong></span> 
     </span>
    </p>
   </div>
   <div class='ocr_carea' id='block_1_3' title="bbox 213 1126 947 1249">
    <p class='ocr_par' dir='ltr' id='par_1_3' title="bbox 213 1126 947 1249">
     <span class='ocr_line' id='line_1_4' title="bbox 213 1126 947 1249; baseline 0.003 -33"><span class='ocrx_word' id='word_1_12' title='bbox 213 1126 221 1134; x_wconf 83' lang='grc'><strong><em>’</em></strong></span> <span class='ocrx_word' id='word_1_13' title='bbox 274 1142 446 1216; x_wconf 80' lang='lat' dir='ltr'>omns.</span> <span class='ocrx_word' id='word_1_14' title='bbox 494 1142 637 1218; x_wconf 81' lang='lat' dir='ltr'>oruc.</span> <span class='ocrx_word' id='word_1_15' title='bbox 690 1143 947 1249; x_wconf 76' lang='lat' dir='ltr'>mumma.</span> 
     </span>
    </p>
   </div>
   <div class='ocr_carea' id='block_1_4' title="bbox 508 1351 745 1364">
    <p class='ocr_par' dir='ltr' id='par_1_4' title="bbox 508 1351 745 1364">
     <span class='ocr_line' id='line_1_5' title="bbox 508 1351 745 1364; baseline -0.004 -2"><span class='ocrx_word' id='word_1_16' title='bbox 508 1351 745 1364; x_wconf 57' lang='lat' dir='ltr'>——u—-o———Q</span> 
     </span>
    </p>
   </div>
   <div class='ocr_carea' id='block_1_5' title="bbox 544 1490 701 1546">
    <p class='ocr_par' dir='ltr' id='par_1_5' title="bbox 544 1490 701 1546">
     <span class='ocr_line' id='line_1_6' title="bbox 544 1490 701 1546; baseline 0 -2"><span class='ocrx_word' id='word_1_17' title='bbox 544 1490 701 1546; x_wconf 76' lang='lat' dir='ltr'>astus.</span> 
     </span>
    </p>
   </div>
   <div class='ocr_carea' id='block_1_6' title="bbox 79 1645 1222 3489">
    <p class='ocr_par' dir='ltr' id='par_1_6' title="bbox 96 1645 1222 2063">
     <span class='ocr_line' id='line_1_7' title="bbox 96 1645 1147 1726; baseline -0.001 -20"><span class='ocrx_word' id='word_1_18' title='bbox 96 1670 114 1712; x_wconf 78' lang='lat' dir='ltr'>s</span> <span class='ocrx_word' id='word_1_19' title='bbox 185 1646 349 1724; x_wconf 79' lang='lat' dir='ltr'>Progenies</span> <span class='ocrx_word' id='word_1_20' title='bbox 372 1645 531 1707; x_wconf 78' lang='lat' dir='ltr'>Caesarum</span> <span class='ocrx_word' id='word_1_21' title='bbox 551 1647 581 1705; x_wconf 92' lang='lat' dir='ltr'>iu</span> <span class='ocrx_word' id='word_1_22' title='bbox 606 1646 726 1708; x_wconf 79' lang='lat' dir='ltr'>Nerone</span> <span class='ocrx_word' id='word_1_23' title='bbox 749 1645 872 1708; x_wconf 83' lang='lat' dir='ltr'>defecit:</span> <span class='ocrx_word' id='word_1_24' title='bbox 898 1649 976 1726; x_wconf 89' lang='lat' dir='ltr'>quod</span> <span class='ocrx_word' id='word_1_25' title='bbox 987 1648 1147 1724; x_wconf 77' lang='lat' dir='ltr'>futurum,</span> 
     </span>
     <span class='ocr_line' id='line_1_8' title="bbox 123 1729 1120 1828; baseline 0 -38"><span class='ocrx_word' id='word_1_26' title='bbox 123 1729 322 1828; x_wconf 76' lang='lat' dir='ltr'><strong>compluribus</strong></span> <span class='ocrx_word' id='word_1_27' title='bbox 335 1730 485 1808; x_wconf 89' lang='lat' dir='ltr'>quidem</span> <span class='ocrx_word' id='word_1_28' title='bbox 460 1731 562 1807; x_wconf 88' lang='lat' dir='ltr'>srgnis,</span> <span class='ocrx_word' id='word_1_29' title='bbox 573 1731 626 1790; x_wconf 87' lang='lat' dir='ltr'>sed</span> <span class='ocrx_word' id='word_1_30' title='bbox 637 1731 686 1791; x_wconf 88' lang='lat' dir='ltr'>vel</span> <span class='ocrx_word' id='word_1_31' title='bbox 704 1732 926 1792; x_wconf 87' lang='lat' dir='ltr'>evidentissimis</span> <span class='ocrx_word' id='word_1_32' title='bbox 943 1732 1055 1794; x_wconf 90' lang='lat' dir='ltr'>duobus</span> <span class='ocrx_word' id='word_1_33' title='bbox 1071 1750 1120 1809; x_wconf 91' lang='lat' dir='ltr'>ap·</span> 
     </span>
     <span class='ocr_line' id='line_1_9' title="bbox 122 1813 1222 1900; baseline -0.001 -26"><span class='ocrx_word' id='word_1_34' title='bbox 122 1815 228 1900; x_wconf 83' lang='lat' dir='ltr'>paruit.</span> <span class='ocrx_word' id='word_1_35' title='bbox 256 1813 367 1892; x_wconf 74' lang='lat' dir='ltr'>Liviae,</span> <span class='ocrx_word' id='word_1_36' title='bbox 380 1814 449 1874; x_wconf 92' lang='lat' dir='ltr'>olim</span> <span class='ocrx_word' id='word_1_37' title='bbox 465 1822 535 1893; x_wconf 88' lang='lat' dir='ltr'>post</span> <span class='ocrx_word' id='word_1_38' title='bbox 551 1813 674 1892; x_wconf 77' lang='lat' dir='ltr'><strong>Augusti</strong></span> <span class='ocrx_word' id='word_1_39' title='bbox 690 1817 784 1875; x_wconf 87' lang='lat' dir='ltr'>statim</span> <span class='ocrx_word' id='word_1_40' title='bbox 801 1817 915 1895; x_wconf 82' lang='lat' dir='ltr'><strong>nuptias</strong></span> <span class='ocrx_word' id='word_1_41' title='bbox 932 1816 1122 1877; x_wconf 86' lang='lat' dir='ltr'>Veientanum</span> <span class='ocrx_word' id='word_1_42' title='bbox 1215 1863 1222 1873; x_wconf 33' lang='grc' dir='ltr'>ι</span> 
     </span>
     <span class='ocr_line' id='line_1_10' title="bbox 123 1898 1122 1979; baseline 0 -20"><span class='ocrx_word' id='word_1_43' title='bbox 123 1917 206 1959; x_wconf 90' lang='lat' dir='ltr'>suum</span> <span class='ocrx_word' id='word_1_44' title='bbox 217 1900 368 1976; x_wconf 79' lang='lat' dir='ltr'>reuisenti,</span> <span class='ocrx_word' id='word_1_45' title='bbox 384 1898 607 1978; x_wconf 84' lang='lat' dir='ltr'>praetervolans</span> <span class='ocrx_word' id='word_1_46' title='bbox 620 1898 971 1979; x_wconf 87' lang='lat' dir='ltr'>aquilagallinamalbam,</span> <span class='ocrx_word' id='word_1_47' title='bbox 984 1898 1122 1959; x_wconf 85' lang='lat' dir='ltr'>ramulum</span> 
     </span>
     <span class='ocr_line' id='line_1_11' title="bbox 122 1961 1133 2063; baseline -0.002 -20"><span class='ocrx_word' id='word_1_48' title='bbox 122 1983 197 2043; x_wconf 92' lang='lat' dir='ltr'>lauri</span> <span class='ocrx_word' id='word_1_49' title='bbox 214 1991 311 2043; x_wconf 89' lang='lat' dir='ltr'>rostro</span> <span class='ocrx_word' id='word_1_50' title='bbox 329 1991 491 2060; x_wconf 88' lang='lat' dir='ltr'>tenentem,</span> <span class='ocrx_word' id='word_1_51' title='bbox 508 1983 547 2044; x_wconf 88' lang='lat' dir='ltr'>ita</span> <span class='ocrx_word' id='word_1_52' title='bbox 564 1991 595 2043; x_wconf 88' lang='lat' dir='ltr'>ut</span> <span class='ocrx_word' id='word_1_53' title='bbox 612 1992 764 2063; x_wconf 76' lang='lat' dir='ltr'>rapuerat,</span> <span class='ocrx_word' id='word_1_54' title='bbox 787 1983 927 2043; x_wconf 82' lang='lat' dir='ltr'>demisit</span> <span class='ocrx_word' id='word_1_55' title='bbox 918 2003 947 2044; x_wconf 92' lang='lat' dir='ltr'>ru</span> <span class='ocrx_word' id='word_1_56' title='bbox 965 1961 1133 2061; x_wconf 75' lang='lat' dir='ltr'>gremium;&#39;</span> 
     </span>
    </p>

    <p class='ocr_par' dir='ltr' id='par_1_7' title="bbox 84 2065 1121 2484">
     <span class='ocr_line' id='line_1_12' title="bbox 84 2065 1121 2147; baseline -0.007 -16"><span class='ocrx_word' id='word_1_57' title='bbox 84 2088 114 2131; x_wconf 87' lang='lat' dir='ltr'>ro</span> <span class='ocrx_word' id='word_1_58' title='bbox 124 2084 246 2146; x_wconf 84' lang='lat' dir='ltr'>cumque</span> <span class='ocrx_word' id='word_1_59' title='bbox 258 2068 359 2127; x_wconf 88' lang='lat' dir='ltr'>nutriri</span> <span class='ocrx_word' id='word_1_60' title='bbox 374 2067 480 2142; x_wconf 88' lang='lat' dir='ltr'>alitem,</span> <span class='ocrx_word' id='word_1_61' title='bbox 493 2084 583 2145; x_wconf 76' lang='lat' dir='ltr'>pangi</span> <span class='ocrx_word' id='word_1_62' title='bbox 576 2068 733 2128; x_wconf 89' lang='lat' dir='ltr'>ramulum</span> <span class='ocrx_word' id='word_1_63' title='bbox 746 2065 922 2147; x_wconf 81' lang='lat' dir='ltr'>placuisset,</span> <span class='ocrx_word' id='word_1_64' title='bbox 939 2076 1017 2129; x_wconf 86' lang='lat' dir='ltr'>tauta</span> <span class='ocrx_word' id='word_1_65' title='bbox 1027 2066 1121 2147; x_wconf 93' lang='lat' dir='ltr'>pullo-</span> 
     </span>
     <span class='ocr_line' id='line_1_13' title="bbox 121 2150 1121 2232; baseline -0.001 -21"><span class='ocrx_word' id='word_1_66' title='bbox 121 2168 185 2211; x_wconf 88' lang='lat' dir='ltr'>rum</span> <span class='ocrx_word' id='word_1_67' title='bbox 197 2150 316 2211; x_wconf 89' lang='lat' dir='ltr'>suhcles</span> <span class='ocrx_word' id='word_1_68' title='bbox 328 2152 482 2229; x_wconf 88' lang='lat' dir='ltr'>provenit,</span> <span class='ocrx_word' id='word_1_69' title='bbox 494 2160 524 2210; x_wconf 91' lang='lat' dir='ltr'>ut</span> <span class='ocrx_word' id='word_1_70' title='bbox 534 2150 683 2232; x_wconf 88' lang='lat' dir='ltr'>hodieque</span> <span class='ocrx_word' id='word_1_71' title='bbox 698 2152 818 2212; x_wconf 85' lang='lat' dir='ltr'>cavilla</span> <span class='ocrx_word' id='word_1_72' title='bbox 837 2150 873 2214; x_wconf 89' lang='lat' dir='ltr'>ad</span> <span class='ocrx_word' id='word_1_73' title='bbox 889 2150 1015 2215; x_wconf 83' lang='lat' dir='ltr'>Gallinas</span> <span class='ocrx_word' id='word_1_74' title='bbox 1031 2168 1121 2211; x_wconf 87' lang='lat' dir='ltr'>voce·</span> 
     </span>
     <span class='ocr_line' id='line_1_14' title="bbox 121 2234 1121 2315; baseline 0 -21"><span class='ocrx_word' id='word_1_75' title='bbox 121 2244 180 2311; x_wconf 87' lang='lat' dir='ltr'>tur,</span> <span class='ocrx_word' id='word_1_76' title='bbox 191 2236 250 2295; x_wconf 88' lang='lat' dir='ltr'>tale</span> <span class='ocrx_word' id='word_1_77' title='bbox 261 2251 334 2296; x_wconf 87' lang='lat' dir='ltr'>vero</span> <span class='ocrx_word' id='word_1_78' title='bbox 347 2236 498 2312; x_wconf 87' lang='lat' dir='ltr'>lauretum,</span> <span class='ocrx_word' id='word_1_79' title='bbox 511 2243 541 2295; x_wconf 90' lang='lat' dir='ltr'>ut</span> <span class='ocrx_word' id='word_1_80' title='bbox 550 2236 750 2315; x_wconf 87' lang='lat' dir='ltr'>triumphaturi</span> <span class='ocrx_word' id='word_1_81' title='bbox 763 2234 907 2297; x_wconf 80' lang='lat' dir='ltr'>Caesares</span> <span class='ocrx_word' id='word_1_82' title='bbox 920 2237 986 2297; x_wconf 89' lang='lat' dir='ltr'>inde</span> <span class='ocrx_word' id='word_1_83' title='bbox 1007 2236 1121 2295; x_wconf 88' lang='lat' dir='ltr'>laureas</span> 
     </span>
     <span class='ocr_line' id='line_1_15' title="bbox 122 2318 1120 2411; baseline 0.001 -34"><span class='ocrx_word' id='word_1_84' title='bbox 122 2318 335 2398; x_wconf 88' lang='lat' dir='ltr'>decerperent;</span> <span class='ocrx_word' id='word_1_85' title='bbox 346 2321 458 2402; x_wconf 83' lang='lat' dir='ltr'>fuitque</span> <span class='ocrx_word' id='word_1_86' title='bbox 468 2336 532 2379; x_wconf 91' lang='lat' dir='ltr'>mos</span> <span class='ocrx_word' id='word_1_87' title='bbox 550 2320 801 2411; x_wconf 78' lang='lat' dir='ltr'>triumphantibus,</span> <span class='ocrx_word' id='word_1_88' title='bbox 818 2319 884 2381; x_wconf 89' lang='lat' dir='ltr'>illas</span> <span class='ocrx_word' id='word_1_89' title='bbox 902 2320 1054 2384; x_wconf 80' lang='lat' dir='ltr'>confestim</span> <span class='ocrx_word' id='word_1_90' title='bbox 1070 2336 1120 2379; x_wconf 89' lang='lat' dir='ltr'>ec·</span> 
     </span>
     <span class='ocr_line' id='line_1_16' title="bbox 123 2403 1120 2503; baseline -0.001 -41"><span class='ocrx_word' id='word_1_91' title='bbox 123 2403 188 2462; x_wconf 90' lang='lat' dir='ltr'>dem</span> <span class='ocrx_word' id='word_1_92' title='bbox 200 2403 267 2463; x_wconf 92' lang='lat' dir='ltr'>loco</span> <span class='ocrx_word' id='word_1_93' title='bbox 280 2423 426 2503; x_wconf 80' lang='lat' dir='ltr'>pangere;</span> <span class='ocrx_word' id='word_1_94' title='bbox 440 2412 470 2464; x_wconf 88' lang='lat' dir='ltr'>et</span> <span class='ocrx_word' id='word_1_95' title='bbox 482 2403 668 2465; x_wconf 85' lang='lat' dir='ltr'>observatum</span> <span class='ocrx_word' id='word_1_96' title='bbox 679 2403 735 2481; x_wconf 82' lang='lat' dir='ltr'>es&#39;t,</span> <span class='ocrx_word' id='word_1_97' title='bbox 747 2404 801 2463; x_wconf 88' lang='lat' dir='ltr'>suh</span> <span class='ocrx_word' id='word_1_98' title='bbox 813 2405 952 2482; x_wconf 88' lang='lat' dir='ltr'>cuiusque</span> <span class='ocrx_word' id='word_1_99' title='bbox 962 2404 1070 2464; x_wconf 91' lang='lat' dir='ltr'>obitum</span> <span class='ocrx_word' id='word_1_100' title='bbox 1078 2420 1120 2462; x_wconf 88' lang='lat' dir='ltr'>ar·</span> 
     </span>
    </p>

    <p class='ocr_par' dir='ltr' id='par_1_8' title="bbox 84 2486 1122 2902">
     <span class='ocr_line' id='line_1_17' title="bbox 84 2486 1122 2568; baseline -0.004 -21"><span class='ocrx_word' id='word_1_101' title='bbox 84 2512 114 2554; x_wconf 73' lang='lat'>15</span> <span class='ocrx_word' id='word_1_102' title='bbox 123 2486 227 2548; x_wconf 88' lang='lat' dir='ltr'>horem</span> <span class='ocrx_word' id='word_1_103' title='bbox 237 2488 351 2568; x_wconf 88' lang='lat' dir='ltr'>abipso</span> <span class='ocrx_word' id='word_1_104' title='bbox 364 2490 519 2548; x_wconf 88' lang='lat' dir='ltr'>institutam</span> <span class='ocrx_word' id='word_1_105' title='bbox 531 2487 709 2565; x_wconf 77' lang='lat' dir='ltr'>elanguisse.</span> <span class='ocrx_word' id='word_1_106' title='bbox 732 2486 815 2564; x_wconf 83' lang='lat' dir='ltr'>Ergo</span> <span class='ocrx_word' id='word_1_107' title='bbox 827 2489 984 2547; x_wconf 81' lang='lat' dir='ltr'>novissimo</span> <span class='ocrx_word' id='word_1_108' title='bbox 995 2485 1122 2545; x_wconf 87' lang='lat' dir='ltr'>Neronis</span> 
     </span>
     <span class='ocr_line' id='line_1_18' title="bbox 123 2566 1120 2649; baseline -0.005 -17"><span class='ocrx_word' id='word_1_109' title='bbox 123 2590 199 2632; x_wconf 88' lang='lat' dir='ltr'>auno</span> <span class='ocrx_word' id='word_1_110' title='bbox 212 2581 241 2632; x_wconf 88' lang='lat' dir='ltr'>et</span> <span class='ocrx_word' id='word_1_111' title='bbox 254 2572 328 2631; x_wconf 86' lang='lat' dir='ltr'>silva</span> <span class='ocrx_word' id='word_1_112' title='bbox 341 2574 433 2632; x_wconf 86' lang='lat' dir='ltr'>omnis</span> <span class='ocrx_word' id='word_1_113' title='bbox 449 2572 562 2630; x_wconf 82' lang='lat' dir='ltr'>exaruit</span> <span class='ocrx_word' id='word_1_114' title='bbox 572 2572 727 2646; x_wconf 84' lang='lat' dir='ltr'>radicitus,</span> <span class='ocrx_word' id='word_1_115' title='bbox 744 2580 774 2629; x_wconf 86' lang='lat' dir='ltr'>et</span> <span class='ocrx_word' id='word_1_116' title='bbox 791 2570 927 2649; x_wconf 87' lang='lat' dir='ltr'>quidquid</span> <span class='ocrx_word' id='word_1_117' title='bbox 945 2570 984 2628; x_wconf 91' lang='lat' dir='ltr'>ihi</span> <span class='ocrx_word' id='word_1_118' title='bbox 1001 2566 1120 2645; x_wconf 81' lang='lat' dir='ltr'>gallina·</span> 
     </span>
     <span class='ocr_line' id='line_1_19' title="bbox 122 2615 1120 2729; baseline -0.005 -14"><span class='ocrx_word' id='word_1_119' title='bbox 122 2657 186 2715; x_wconf 87' lang='lat' dir='ltr'>rum</span> <span class='ocrx_word' id='word_1_120' title='bbox 202 2664 266 2715; x_wconf 83' lang='lat' dir='ltr'>erat</span> <span class='ocrx_word' id='word_1_121' title='bbox 283 2656 404 2725; x_wconf 90' lang='lat' dir='ltr'>interiit;</span> <span class='ocrx_word' id='word_1_122' title='bbox 421 2672 463 2713; x_wconf 88' lang='lat' dir='ltr'>ac</span> <span class='ocrx_word' id='word_1_123' title='bbox 477 2653 597 2713; x_wconf 86' lang='lat' dir='ltr'>subinde</span> <span class='ocrx_word' id='word_1_124' title='bbox 613 2663 690 2715; x_wconf 86' lang='lat' dir='ltr'>tacta</span> <span class='ocrx_word' id='word_1_125' title='bbox 706 2615 742 2719; x_wconf 85' lang='lat' dir='ltr'>de</span> <span class='ocrx_word' id='word_1_126' title='bbox 761 2652 845 2711; x_wconf 89' lang='lat' dir='ltr'>caelo</span> <span class='ocrx_word' id='word_1_127' title='bbox 865 2652 1021 2711; x_wconf 74' lang='lat' dir='ltr'>(laesarum</span> <span class='ocrx_word' id='word_1_128' title='bbox 1039 2650 1120 2729; x_wconf 86' lang='lat' dir='ltr'>aede,</span> 
     </span>
     <span class='ocr_line' id='line_1_20' title="bbox 125 2734 1120 2819; baseline -0.003 -21"><span class='ocrx_word' id='word_1_129' title='bbox 125 2741 222 2819; x_wconf 89' lang='lat' dir='ltr'>capita</span> <span class='ocrx_word' id='word_1_130' title='bbox 242 2738 374 2799; x_wconf 92' lang='lat' dir='ltr'>omnihus</span> <span class='ocrx_word' id='word_1_131' title='bbox 391 2736 475 2801; x_wconf 90' lang='lat' dir='ltr'>simul</span> <span class='ocrx_word' id='word_1_132' title='bbox 492 2739 592 2797; x_wconf 89' lang='lat' dir='ltr'>statuis</span> <span class='ocrx_word' id='word_1_133' title='bbox 609 2736 779 2797; x_wconf 89' lang='lat' dir='ltr'>deciderunt</span> <span class='ocrx_word' id='word_1_134' title='bbox 786 2734 938 2813; x_wconf 81' lang='lat' dir='ltr'>,Augusti</span> <span class='ocrx_word' id='word_1_135' title='bbox 956 2737 1042 2797; x_wconf 87' lang='lat' dir='ltr'>etiam</span> <span class='ocrx_word' id='word_1_136' title='bbox 1056 2754 1120 2797; x_wconf 86' lang='lat' dir='ltr'>sce·</span> 
     </span>
     <span class='ocr_line' id='line_1_21' title="bbox 124 2821 696 2902; baseline -0.007 -17"><span class='ocrx_word' id='word_1_137' title='bbox 124 2821 393 2902; x_wconf 88' lang='lat' dir='ltr'>ptrumemauihus</span> <span class='ocrx_word' id='word_1_138' title='bbox 411 2838 565 2881; x_wconf 78' lang='lat' dir='ltr'>excussum</span> <span class='ocrx_word' id='word_1_139' title='bbox 580 2830 634 2881; x_wconf 90' lang='lat' dir='ltr'>est.</span> <span class='ocrx_word' id='word_1_140' title='bbox 694 2854 696 2857; x_wconf 95' lang='lat'>·</span> 
     </span>
    </p>

    <p class='ocr_par' dir='ltr' id='par_1_9' title="bbox 85 2879 1148 3323">
     <span class='ocr_line' id='line_1_22' title="bbox 85 2879 1148 2982; baseline 0 -17"><span class='ocrx_word' id='word_1_141' title='bbox 85 2931 116 2972; x_wconf 81' lang='lat'>20</span> <span class='ocrx_word' id='word_1_142' title='bbox 188 2906 299 2965; x_wconf 89' lang='lat' dir='ltr'>Neroni</span> <span class='ocrx_word' id='word_1_143' title='bbox 311 2904 403 2971; x_wconf 80' lang='lat' dir='ltr'>Galba</span> <span class='ocrx_word' id='word_1_144' title='bbox 413 2906 556 2966; x_wconf 86' lang='lat' dir='ltr'>&#39;successit</span> <span class='ocrx_word' id='word_1_145' title='bbox 569 2904 649 2965; x_wconf 90' lang='lat' dir='ltr'>nullo</span> <span class='ocrx_word' id='word_1_146' title='bbox 668 2903 759 2981; x_wconf 86' lang='lat' dir='ltr'>gradu</span> <span class='ocrx_word' id='word_1_147' title='bbox 778 2879 949 2982; x_wconf 85' lang='lat' dir='ltr'>contingens</span> <span class='ocrx_word' id='word_1_148' title='bbox 964 2904 1148 2965; x_wconf 73' lang='lat' dir='ltr'>Caesarum2</span> 
     </span>
     <span class='ocr_line' id='line_1_23' title="bbox 124 2988 1119 3091; baseline -0.002 -40"><span class='ocrx_word' id='word_1_149' title='bbox 124 2990 250 3091; x_wconf 83' lang='lat' dir='ltr'>domum,</span> <span class='ocrx_word' id='word_1_150' title='bbox 263 2990 316 3050; x_wconf 89' lang='lat' dir='ltr'>sed</span> <span class='ocrx_word' id='word_1_151' title='bbox 327 2989 402 3051; x_wconf 90' lang='lat' dir='ltr'>haud</span> <span class='ocrx_word' id='word_1_152' title='bbox 414 2988 706 3050; x_wconf 85' lang='lat' dir='ltr'>dubienchilissimus</span> <span class='ocrx_word' id='word_1_153' title='bbox 717 3006 879 3067; x_wconf 84' lang='lat' dir='ltr'>magnaque</span> <span class='ocrx_word' id='word_1_154' title='bbox 892 2998 921 3048; x_wconf 89' lang='lat' dir='ltr'>et</span> <span class='ocrx_word' id='word_1_155' title='bbox 936 2997 1037 3049; x_wconf 86' lang='lat' dir='ltr'>vetere</span> <span class='ocrx_word' id='word_1_156' title='bbox 1052 3007 1119 3067; x_wconf 93' lang='lat' dir='ltr'>pro</span> 
     </span>
     <span class='ocr_line' id='line_1_24' title="bbox 122 3072 1118 3155; baseline -0.002 -20"><span class='ocrx_word' id='word_1_157' title='bbox 122 3076 216 3154; x_wconf 88' lang='lat' dir='ltr'>sapia,</span> <span class='ocrx_word' id='word_1_158' title='bbox 227 3084 258 3134; x_wconf 87' lang='lat' dir='ltr'>ut</span> <span class='ocrx_word' id='word_1_159' title='bbox 270 3074 318 3154; x_wconf 87' lang='lat' dir='ltr'>qui</span> <span class='ocrx_word' id='word_1_160' title='bbox 329 3074 588 3137; x_wconf 80' lang='lat' dir='ltr'>statuarumtitulis</span> <span class='ocrx_word' id='word_1_161' title='bbox 595 3080 793 3155; x_wconf 85' lang='lat' dir='ltr'>pronepotem</span> <span class='ocrx_word' id='word_1_162' title='bbox 803 3090 837 3131; x_wconf 93' lang='lat' dir='ltr'>se</span> <span class='ocrx_word' id='word_1_163' title='bbox 850 3072 945 3147; x_wconf 81' lang='lat' dir='ltr'>Quinti</span> <span class='ocrx_word' id='word_1_164' title='bbox 957 3073 1051 3133; x_wconf 79' lang='lat' dir='ltr'>Catuli</span> <span class='ocrx_word' id='word_1_165' title='bbox 1066 3072 1118 3133; x_wconf 85' lang='lat' dir='ltr'>Ga·</span> 
     </span>
     <span class='ocr_line' id='line_1_25' title="bbox 122 3157 1119 3257; baseline -0.003 -40"><span class='ocrx_word' id='word_1_166' title='bbox 122 3159 236 3237; x_wconf 88' lang='lat' dir='ltr'>pitolini</span> <span class='ocrx_word' id='word_1_167' title='bbox 248 3176 366 3238; x_wconf 88' lang='lat' dir='ltr'>semper</span> <span class='ocrx_word' id='word_1_168' title='bbox 382 3159 568 3238; x_wconf 86' lang='lat' dir='ltr'>ascripserit,</span> <span class='ocrx_word' id='word_1_169' title='bbox 588 3160 747 3257; x_wconf 84' lang='lat' dir='ltr'>imperator</span> <span class='ocrx_word' id='word_1_170' title='bbox 766 3174 836 3217; x_wconf 83' lang='lat' dir='ltr'>vero</span> <span class='ocrx_word' id='word_1_171' title='bbox 854 3159 938 3227; x_wconf 88' lang='lat' dir='ltr'>etiam</span> <span class='ocrx_word' id='word_1_172' title='bbox 953 3166 1072 3216; x_wconf 87' lang='lat' dir='ltr'>stemma</span> <span class='ocrx_word' id='word_1_173' title='bbox 1091 3157 1119 3214; x_wconf 88' lang='lat' dir='ltr'>in</span> 
     </span>
     <span class='ocr_line' id='line_1_26' title="bbox 122 3240 1119 3323; baseline -0.006 -21"><span class='ocrx_word' id='word_1_174' title='bbox 122 3244 198 3303; x_wconf 86' lang='lat' dir='ltr'>atrio</span> <span class='ocrx_word' id='word_1_175' title='bbox 211 3244 410 3323; x_wconf 89' lang='lat' dir='ltr'>proposuerit,</span> <span class='ocrx_word' id='word_1_176' title='bbox 422 3258 479 3321; x_wconf 88' lang='lat' dir='ltr'>quo</span> <span class='ocrx_word' id='word_1_177' title='bbox 488 3251 638 3320; x_wconf 86' lang='lat' dir='ltr'>paternam</span> <span class='ocrx_word' id='word_1_178' title='bbox 648 3241 790 3319; x_wconf 82' lang='lat' dir='ltr'>originem</span> <span class='ocrx_word' id='word_1_179' title='bbox 802 3241 838 3302; x_wconf 87' lang='lat' dir='ltr'>ad</span> <span class='ocrx_word' id='word_1_180' title='bbox 846 3240 956 3318; x_wconf 84' lang='lat' dir='ltr'>lovem,</span> <span class='ocrx_word' id='word_1_181' title='bbox 963 3248 1119 3303; x_wconf 86' lang='lat' dir='ltr'>maternam</span> 
     </span>
    </p>

    <p class='ocr_par' dir='ltr' id='par_1_10' title="bbox 79 3325 743 3406">
     <span class='ocr_line' id='line_1_27' title="bbox 79 3325 743 3406; baseline -0.009 -15"><span class='ocrx_word' id='word_1_182' title='bbox 79 3348 111 3391; x_wconf 74' lang='lat' dir='ltr'>ss</span> <span class='ocrx_word' id='word_1_183' title='bbox 121 3326 160 3387; x_wconf 88' lang='lat' dir='ltr'>ad</span> <span class='ocrx_word' id='word_1_184' title='bbox 172 3326 343 3406; x_wconf 87' lang='lat' dir='ltr'>Pasiphaam</span> <span class='ocrx_word' id='word_1_185' title='bbox 357 3327 461 3388; x_wconf 84' lang='lat' dir='ltr'>Minois</span> <span class='ocrx_word' id='word_1_186' title='bbox 477 3343 598 3386; x_wconf 85' lang='lat' dir='ltr'>uxorem</span> <span class='ocrx_word' id='word_1_187' title='bbox 609 3325 743 3386; x_wconf 80' lang='lat' dir='ltr'>referret.</span> 
     </span>
    </p>

    <p class='ocr_par' dir='ltr' id='par_1_11' title="bbox 187 3404 1148 3489">
     <span class='ocr_line' id='line_1_28' title="bbox 187 3404 1148 3489; baseline 0 -19"><span class='ocrx_word' id='word_1_188' title='bbox 187 3409 331 3489; x_wconf 85' lang='lat' dir='ltr'>imagines</span> <span class='ocrx_word' id='word_1_189' title='bbox 344 3421 373 3472; x_wconf 84' lang='lat' dir='ltr'>et</span> <span class='ocrx_word' id='word_1_190' title='bbox 384 3411 482 3489; x_wconf 88' lang='lat' dir='ltr'>elogia</span> <span class='ocrx_word' id='word_1_191' title='bbox 495 3412 622 3472; x_wconf 86' lang='lat' dir='ltr'>universi</span> <span class='ocrx_word' id='word_1_192' title='bbox 634 3411 754 3489; x_wconf 87' lang='lat' dir='ltr'>generis</span> <span class='ocrx_word' id='word_1_193' title='bbox 767 3409 999 3489; x_wconf 84' lang='lat' dir='ltr'>exequilongum</span> <span class='ocrx_word' id='word_1_194' title='bbox 1011 3413 1065 3483; x_wconf 93' lang='lat' dir='ltr'>est,</span> <span class='ocrx_word' id='word_1_195' title='bbox 1079 3404 1119 3467; x_wconf 87' lang='lat' dir='ltr'>ia·</span> <span class='ocrx_word' id='word_1_196' title='bbox 1129 3416 1148 3470; x_wconf 81' lang='lat'><strong>3</strong></span> 
     </span>
    </p>
   </div>
   <div class='ocr_carea' id='block_1_7' title="bbox 0 0 1242 3775">
    <p class='ocr_par' dir='ltr' id='par_1_12' title="bbox 0 0 1242 3775">
     <span class='ocr_line' id='line_1_29' title="bbox 0 0 1242 3775; baseline 0 0"><span class='ocrx_word' id='word_1_197' title='bbox 0 0 1242 3775; x_wconf 95' lang='lat' dir='ltr'> </span> 
     </span>
    </p>
   </div>
  </div>
 </body>
</html>
