2475 3775
150 145 191 204 16.
231 157 261 206 e.
278 128 428 208 suarum
443 159 733 230 annumeremus
747 159 930 207 caesareum
945 159 1013 206 nra.
1030 160 1053 205 1.
1092 124 1095 131 ¹

147 313 288 392 peiusque
302 313 507 392 confugerant,
523 313 739 392 quan-primum
754 313 976 384 nansbetatari
1003 312 1066 376 llus
1080 313 1138 372 fru-
1224 320 1225 325 ’

147 407 205 459 stra
229 416 281 476 per
303 398 394 458 omnis
410 415 507 458 moras
524 399 603 458 exitu
617 396 775 476 probibere
795 407 929 475 conatus,
949 399 1071 473 Rumam
1083 399 1140 459 iter
1224 422 1225 431 ¹

146 483 287 542 convertit
308 481 520 560 appellatisque
541 481 629 541 dere
650 479 768 559 publica
782 481 930 560 patribus,
947 480 1139 542 validissimas

145 565 265 645 Pompei
287 567 403 644 copias,
429 575 504 644 qnae
530 563 583 624 sub
605 563 696 624 tribus
717 564 825 641 legatis
845 565 884 628 H.
910 564 1026 625 Petreio
1053 573 1083 624 et
1106 565 1138 625 L.
1224 598 1225 603 κ

144 649 264 710 Afranio
287 658 316 708 et
330 649 369 709 Μ.
386 650 519 709 Varrone
541 649 568 706 in
585 648 724 727 Hispania
735 657 835 736 erant,
850 651 969 726 invasit,
985 649 1159 728 professura

144 742 211 793 ante
225 734 298 793 iuter
312 750 397 808 suos,
413 733 460 792 ire
475 750 510 792 re
523 731 568 792 ud
581 733 749 794 sancitum
762 733 829 793 aine
844 732 938 810 duce,
962 739 993 795 et
1003 732 1075 793 inde
1089 751 1137 794 re·

37 825 38 832 ’
143 834 304 877 uersurum
328 816 371 876 ud
393 815 500 876 ducent
522 816 589 877 eine
610 817 757 882 ecoecdm
800 816 1032 896 thuamquam
1061 815 1138 876 obsi-

144 901 230 960 dione
247 901 419 977 Massiliae,
432 918 505 978 quae
523 899 577 960 sibi
595 901 623 959 in
641 901 744 960 itinere
765 900 1046 980 portassclauserat,
1064 917 1139 961 sume

143 1002 246 1062 maque
273 984 476 1044 frumentariae
499 985 542 1042 rel
569 986 704 1063 paenuria
728 985 909 1062 retardante,
936 983 1018 1044 brevi
1043 993 1139 1044 tamen

103 1068 238 1130 indemnia
263 1066 387 1144 subegit.
429 1067 503 1128 Hinc
525 1068 596 1128 urbe
617 1069 755 1147 repetita,
778 1071 807 1128 in
828 1067 1024 1130 Macedoniam
1045 1066 1137 1128 trans·
1150 1087 1172 1126 m

144 1169 275 1230 messus,
292 1150 469 1230 Pompeium,
486 1169 540 1231 per
557 1161 690 1232 quattuor
706 1171 800 1231 paene
813 1171 929 1213 men-ses
943 1152 1073 1212 maximis
1086 1151 1139 1211 ob

136 1253 255 1294 ,sessum
278 1235 432 1316 operibus,
457 1235 493 1296 ad
514 1245 672 1296 extremum
694 1236 860 1303 Pharsalico
881 1237 992 1316 praelio
1015 1236 1087 1296 fudit
1109 1244 1140 1295 et

143 1319 301 1396 fugientem
317 1319 521 1384 Alexandriam
544 1329 730 1400 persecutus,
747 1329 778 1380 ut
793 1320 920 1381 occisum
937 1319 1137 1400 deprehendit,

145 1421 208 1490 eum
224 1402 389 1464 Ptolemaeo
406 1421 494 1480 rege,
520 1422 610 1483 aquo
627 1405 681 1466 sibi
699 1421 816 1484 quoqne
832 1405 950 1465 insidias
964 1403 1042 1464 tendi
1059 1403 1137 1464 vide

144 1488 205 1564 bat,
221 1487 327 1549 bellum
343 1505 412 1547 sane
428 1487 625 1548 difficillimum
640 1490 751 1566 gessit,
767 1489 942 1568 nequelnco
958 1505 1053 1566 neque
1068 1496 1137 1548 tem·
1149 1503 1171 1544 n

144 1588 215 1650 pore
235 1589 346 1650 aequo,
369 1571 421 1630 sed
440 1571 533 1632 hieme
551 1574 750 1632 nonientana
764 1573 882 1634 moenia.
896 1573 1089 1653 copiosissimi
1102 1589 1140 1631 ac

143 1653 335 1714 sollertissimi
350 1655 457 1733 bostis,
479 1656 565 1735 inops
586 1658 650 1736 ipse
671 1657 793 1718 omniurn
813 1675 910 1716 rerum
924 1666 1010 1734 atque
1024 1657 1138 1736 inpara-

141 1749 197 1798 tus.
240 1740 372 1816 Regnum
388 1740 517 1818 Aegypti
538 1741 632 1801 victor
654 1738 828 1820 Cleopatrae
848 1741 987 1818 fratrique
1005 1740 1069 1800 eius
1087 1739 1138 1798 mi-

142 1823 205 1882 nori
223 1824 369 1902 permisit,
384 1825 493 1905 veritus
509 1823 687 1904 provinciam
702 1825 819 1902 facere,
835 1836 874 1884 ne
890 1823 1063 1905 quandoque
1073 1823 1138 1882 aie·
1224 1827 1226 1832 '

142 1907 293 1973 lentiorem
323 1909 487 1988 praesidem
509 1919 592 1971 nacta
618 1925 756 1972 novarum
781 1927 877 1974 rerum
901 1909 1019 1969 materia
1046 1916 1172 1967 essetne
1224 1967 1225 1972 ,

141 1990 188 2050 Ab
204 1992 379 2053 Alexandria
395 1994 423 2052 in
438 1994 549 2068 Syriam
566 2002 596 2053 et
609 1993 677 2052 iude
690 1993 811 2053 Pontum
825 1995 950 2070 trannit,
967 1990 1139 2070 urgentibus

141 2075 177 2133 de
193 2074 340 2136 Pharnace
361 2078 480 2152 nuntiis,
506 2094 590 2154 quem
610 2076 779 2137 Mithridatis
794 2077 893 2154 Hagni
909 2078 997 2137 lilium
1019 2094 1054 2136 ac
1070 2084 1140 2137 tunc

141 2159 298 2217 occasione
323 2167 484 2237 temporum
504 2157 661 2219 bellantem
686 2161 799 2238 iamque
825 2160 977 2241 multiplici
998 2176 1140 2220 successu
1165 2218 1171 2240 Ι

140 2240 358 2319 praeferocem,
385 2243 458 2302 iutra
480 2243 607 2320 quintum
629 2261 713 2322 quam
735 2244 865 2305 adfuerat
887 2238 976 2321 diem,
1004 2252 1140 2323 quattuor

140 2323 244 2402 quibus
266 2324 498 2402 inconspectum
514 2327 592 2385 venit
606 2326 702 2405 boris,
724 2342 779 2388 una
796 2328 962 2409 profligavit
1014 2330 1055 2397 ie;
1074 2344 1173 2391 cre-as

140 2407 194 2467 bro
212 2424 439 2470 commemorans
450 2408 570 2488 Pompei
584 2410 767 2490 felicitatem,
783 2413 831 2473 cui
847 2347 1139 2493 praecipffimilitiae

140 2491 202 2553 laus
219 2491 254 2552 de
270 2500 326 2553 tam
347 2490 447 2551 inbelli
462 2510 573 2573 genero
593 2493 718 2555 hosfium
735 2498 914 2574 contigisset.
944 2495 1057 2574 Dehinc
1076 2496 1138 2554 Sci·
1224 2525 1226 2574 ;

139 2577 255 2654 pionem
277 2592 311 2637 ac
332 2574 439 2641 Iubam.
452 2577 591 2655 reliquias
612 2581 734 2658 partium
753 2582 782 2639 in
798 2580 899 2640 Africa
914 2580 1074 2640 refoventis
1088 2578 1139 2638 de-
1224 2597 1225 2614 ¹

97 2670 131 2725 36
140 2661 222 2737 vicit,
241 2660 362 2741 Pompei
384 2660 493 2722 liberos
513 2662 541 2721 iu
555 2661 704 2741 Hispania.
747 2664 884 2725 Omnibus
899 2664 1034 2725 civilibus
1049 2662 1140 2723 bellis

138 2743 244 2803 nullam
267 2746 377 2806 cladem
399 2746 452 2805 nisi
472 2764 527 2826 per
542 2746 657 2824 legatos
672 2766 742 2809 suos
757 2767 862 2828 passus
883 2756 944 2824 est,
965 2764 1087 2826 quorum
1104 2744 1174 2808 stau

78 2828 87 2869 ¹
139 2823 227 2885 Curio
243 2828 272 2885 in
286 2829 386 2889 Africa
403 2831 503 2908 periit,
526 2828 559 2890 Ο.
575 2830 719 2891 Antonius
733 2833 761 2890 in
775 2831 893 2907 illyrico
907 2832 936 2892 in
953 2832 1139 2892 adversario·

138 2927 200 2969 rum
216 2908 331 2970 devenit
348 2922 535 2990 potestatem,
552 2914 582 2973 P.
596 2914 752 2974 Dolabella
767 2916 890 2977 classem
902 2916 934 2988 in
949 2915 1055 2977 eodem
1068 2913 1139 2988 llly-

138 2994 216 3068 rico,
238 2991 297 3052 GN.
315 2992 457 3055 Domitius
473 2995 609 3057 Calvirms
630 3000 659 3057 in
675 2998 767 3057 Ponto
790 3000 952 3066 exercitum
969 3001 1139 3062 amiserunt.

137 3075 205 3153 Ipse
223 3080 420 3155 prosperrime
435 3097 550 3157 semper
562 3098 598 3141 ac
613 3099 650 3140 ne
666 3082 783 3160 ancipiti
798 3084 912 3162 quidem
930 3102 1063 3162 nmquam
1076 3082 1139 3142 fur·

32 3203 42 3216 .
136 3168 219 3234 tuna,
235 3170 437 3239 praeterquam
452 3162 512 3234 bis,
531 3164 691 3225 dimicavit:
711 3166 801 3226 semel
816 3167 852 3227 ad
865 3167 1071 3242 Dyrrachium,
1087 3165 1140 3226 ubi
1149 3181 1176 3222 as
1224 3187 1225 3190 ¹

137 3244 250 3320 pulsus,
273 3261 331 3303 nou
352 3246 475 3305 instante
498 3245 655 3327 Pompeio,
679 3252 797 3325 negavit
817 3269 881 3311 eum
902 3252 1021 3311 vincere
1046 3251 1138 3325 scire,

135 3329 236 3387 iterum
247 3328 275 3387 in
286 3327 423 3408 Hispania
434 3329 533 3390 ultimo
547 3333 678 3409 proelio,
696 3349 758 3393 cum
773 3333 937 3414 desperatis
948 3334 1037 3395 rebus
1048 3336 1138 3413 etiam
1224 3343 1225 3360 ¹

136 3410 171 3469 de
188 3412 394 3474 consciscenda
412 3429 486 3473 nece
504 3416 652 3491 cogitavit.
677 3455 680 3468 ‚
