2475 3775
144 147 208 208 290
418 153 449 204 o.
472 153 636 205 sunnonis
656 150 869 212 armemur

145 330 208 378 mus
220 309 386 390 praefectus
399 307 479 369 urbis
493 308 587 368 iactus
598 315 683 368 sexto
699 305 745 367 dle
760 306 928 384 magistratu
941 323 976 364 se
987 303 1162 384 abdicauit,

146 393 291 456 incivilem
312 400 487 472 potestatem
508 408 576 450 esse
598 400 765 451 contestans
788 407 818 449 o.
837 396 901 449 728.
919 394 993 448 729.
1011 432 1045 447 ..
1070 389 1160 450 bles-

146 478 208 540 sala
227 476 368 538 Gorvinus
384 484 482 536 orator
498 484 563 536 ante
583 473 728 534 biennium
744 490 828 554 quam
849 480 1010 532 moreretur
1030 475 1073 532 ita
1096 491 1159 532 me

143 563 263 622 moriam
276 569 304 619 et
318 577 433 619 sens·
449 560 557 636 amisit,
572 567 602 618 ut
616 561 666 618 rix
677 575 769 638 panca
784 556 874 616 verba
890 552 1159 633 coniungeremes

144 648 179 708 nd
202 655 357 705 extremum
375 643 476 704 ulcere
492 642 548 702 sibl
570 645 648 702 circa
663 659 774 702 sacram
789 642 900 720 spinam
918 648 984 710 nato
1000 640 1106 701 inedia
1124 659 1178 704 ses

146 729 274 791 coniecit
292 745 366 787 anno
383 728 486 788 aetatis
501 727 717 807 septuagesimo
734 725 826 784 altera
842 741 871 785 u.
890 731 1064 785 noa-765.

208 813 244 888 Q.
259 811 394 871 Haterius
411 818 560 892 promptus
576 820 605 869 ct
618 810 769 888 popularis
785 817 883 869 orator
898 817 989 886 usque
1004 808 1044 867 ad
1059 824 1154 868 noua-

144 899 284 974 gesimnm
299 912 394 974 prope
413 913 514 970 annum
529 897 558 954 in
572 911 687 953 summo·
698 893 809 953 bonore
825 891 1012 952 consenescit
1028 909 1060 952 a.
1081 900 1153 955 773.

207 980 362 1039 Passienus
377 986 462 1056 pater
476 977 654 1037 declamator
671 977 791 1054 insignis
806 975 880 1035 diem
896 973 967 1034 obiit
983 992 1015 1034 o.
1033 985 1109 1036 745.

207 1062 362 1122 Passienus
376 1061 453 1120 filius
468 1060 570 1121 fraude
586 1059 704 1120 heredis
721 1078 790 1119 suae
805 1069 924 1118 necator
947 1075 978 1118 a.
994 1066 1062 1118 791.
1087 1059 1153 1118 Gri-
1163 1084 1182 1124 n

145 1163 226 1223 spus,
239 1145 390 1223 municeps
398 1144 741 1220 Viselllensis,tirocinio
757 1161 809 1203 suo
822 1145 851 1202 in
864 1151 964 1202 senatu
976 1143 1015 1201 ita
1030 1146 1153 1222 eoepit.-

145 1229 257 1293 Patres
272 1227 443 1307 conscripti
457 1235 486 1288 et
503 1234 535 1288 to
551 1226 690 1288 Caesar!
705 1236 826 1306 propter
841 1226 918 1304 qnod
933 1225 1069 1286 simulata
1087 1244 1153 1286 ora·

145 1315 225 1372 tione
240 1311 411 1390 plenissime
425 1330 441 1372 a
456 1311 573 1372 Tiberio
592 1311 782 1378 conlaudatus
794 1319 847 1370 est.
883 1310 1025 1370 Plurimus
1041 1319 1153 1390 sponte

148 1411 251 1456 causas
276 1394 352 1474 apud
373 1397 571 1456 centumviros
586 1395 662 1473 egit,
688 1413 742 1475 pro
763 1413 818 1474 qna
838 1413 871 1454 re
891 1395 919 1452 in
933 1393 1062 1454 basilica
1079 1393 1152 1454 lulis

146 1483 208 1540 eius
229 1488 321 1539 statua
344 1483 440 1558 posita
461 1489 516 1539 est.
544 1477 718 1540 Consulatus
740 1479 812 1538 dnos
831 1479 933 1555 gessit.
961 1477 1085 1538 Uxores
1101 1479 1181 1541 lna-n

145 1564 205 1623 buit
220 1563 307 1639 duas,
326 1565 445 1642 prinam
454 1562 622 1640 Domitiam,
638 1562 741 1622 deiude
753 1562 961 1640 Agrippinam,
979 1560 1063 1621 illam
1081 1564 1152 1621 suni·

146 1657 219 1722 tam,
247 1646 324 1706 banc
349 1655 468 1706 matrem
490 1645 616 1707 Neronis
637 1645 782 1707 Caesaris,
828 1644 963 1706 Possedit
982 1643 1030 1704 bis
1054 1647 1153 1706 nnilies

108 1796 113 1804 ¹
146 1730 317 1791 sestertium.
342 1728 470 1790 Omnium
484 1731 647 1810 principum
663 1733 784 1808 gratiam
797 1728 946 1809 adpetivit,
962 1729 1016 1788 sed
1032 1731 1151 1808 praeci·

145 1831 203 1894 pue
225 1811 258 1875 0.
278 1811 430 1893 Caesaris,
449 1833 534 1893 quem
553 1817 610 1875 iter
630 1814 784 1882 facientem
804 1823 922 1873 secutus
942 1821 988 1872 est
1009 1813 1150 1893 pedibus.

144 1898 200 1959 llic
224 1898 311 1967 nullo,
324 1896 457 1960 audiente
477 1918 494 1961 a
514 1897 642 1961 Nerone
656 1898 807 1977 [oportuit
826 1894 912 1975 Gaio]
935 1900 1177 1974 interrogamus

145 1982 303 2043 haberetne
329 1985 491 2063 sicutipse
517 2001 581 2044 cum
606 2000 712 2044 sorore
739 1997 876 2060 germana
898 1980 1147 2059 cousuetudinem,

145 2064 279 2127 nondm
302 2065 403 2145 inquit,
437 2069 616 2146 quantumvis
638 2066 776 2128 decenter
797 2072 939 2141 etoaute,
965 2074 1077 2127 neunt
1099 2084 1146 2125 ne
1209 2068 1210 2147 ,

145 2147 242 2223 gando
258 2164 322 2206 eum
343 2159 479 2225 argueret
498 2158 546 2209 aut
570 2148 758 2219 adsentiendo
781 2156 873 2209 seruet
886 2147 1039 2211 mendacio
1056 2149 1144 2213 debe
1209 2168 1210 2203 1

145 2238 281 2288 uastaret.
318 2229 408 2290 Periit
423 2249 476 2308 per
490 2231 618 2292 fraudem
632 2232 825 2313 Agrippinae,
849 2249 932 2309 qnam
944 2231 1088 2293 heredem
1101 2251 1143 2291 re·

145 2312 288 2391 liquerat,
309 2320 339 2371 et
360 2314 461 2377 iuuere
477 2313 594 2395 publico
616 2317 710 2377 elatus
727 2326 780 2377 est.
791 2314 925 2377 ,Sabello
938 2314 981 2375 nd
997 2313 1174 2377 quenalis

148 2405 177 2471 4,
195 2404 242 2457 er.
1071 2438 1079 2447 .

154 2476 160 2491 ‘
209 2477 242 2540 C.
269 2478 384 2539 Asinius
414 2478 528 2560 Gallus,
560 2483 654 2543 Asinii
675 2480 817 2545 Pollionis
840 2480 931 2560 filius,
961 2484 1043 2544 cnins
1059 2487 1144 2545 etiam

146 2565 287 2643 Virgilius
301 2564 441 2644 meminit,
456 2565 525 2630 diris
539 2586 556 2628 a
574 2566 692 2635 Tiberio
708 2566 857 2646 suppliciis
872 2575 991 2627 necatur
1007 2584 1039 2630 a.
1055 2576 1124 2629 767.

211 2646 329 2708 Cassius
351 2650 480 2709 Severus
499 2660 599 2714 orator
620 2652 776 2728 egregius,
802 2652 853 2727 quui
867 2651 1051 2725 Quintianum
1073 2648 1143 2711 ilbrd

146 2732 333 2806 proverbium
342 2730 460 2809 luserat,
476 2737 618 2813 vigesimo
635 2735 733 2813 quinto
749 2733 827 2796 exilii
843 2736 886 2793 sui
901 2753 975 2799 anno
989 2734 1020 2795 ln
1035 2752 1173 2795 summare
1208 2784 1209 2829 ,

148 2813 248 2890 inopia
265 2819 401 2892 moritur,
417 2818 466 2876 vix
481 2837 576 2899 panno
592 2817 720 2889 verenda
736 2826 886 2877 centenus
904 2836 935 2877 a.
955 2826 1127 2894 tas—78⁷.

213 2897 354 2957 Votienus
370 2899 522 2962 blontanus
536 2901 736 2965 Narbonensis
752 2909 850 2964 orator
866 2904 896 2961 in
911 2900 1083 2969 Balearibus
1101 2904 1140 2961 iu-

150 2974 221 3035 snlis
238 2981 369 3057 moritur,
385 3002 401 3041 a
416 2982 534 3045 'liberio
551 2985 620 3046 illuc
636 2984 783 3060 relegatus
799 3001 829 3045 o.
849 2994 914 3046 780.
931 2994 997 3046 781.

210 3058 441 3142 Domitiusdler
458 3068 664 3130 Nemausensis
686 3066 782 3127 clarus
811 3078 910 3129 orator
923 3068 1064 3147 babetur,
1095 3072 1140 3147 qui

149 3152 252 3220 postea
271 3142 388 3206 Nerone
406 3162 547 3226 regnante
567 3172 605 3229 ex
624 3152 683 3215 cibi
699 3150 870 3215 abnndantia
890 3154 919 3213 in
940 3170 1031 3217 mena
1054 3158 1169 3217 mori-ss

145 3234 191 3284 tur
205 3244 235 3287 a.
254 3234 317 3294 797.
338 3234 401 3288 798.
1207 3230 1208 3239 ’

213 3325 289 3387 Libri,
306 3327 350 3390 qui
361 3336 415 3377 erat
426 3330 465 3381 da
484 3330 605 3396 Poetis,
617 3336 644 3385 in
658 3336 787 3401 prooemio
801 3338 853 3405 legi
861 3335 946 3405 ‘potuit
955 3339 1020 3391 boc:

68 3403 73 3410 “
88 3484 93 3491 ·
207 3389 316 3454 Poetae
330 3392 404 3457 unde
419 3396 475 3459 sint
488 3398 573 3482 dien,
588 3403 633 3462 sic
650 3407 688 3465 ait
702 3404 900 3487 Tranquillus-
932 3406 1003 3479 Cum
1019 3409 1139 3487 primum
