2475 3775
126 135 186 195 200
209 146 239 194 o.
256 146 405 194 sonuoun
423 147 550 206 annno.
568 148 615 193 nn
631 147 713 194 vunn
729 148 911 202 cunsnuun
926 150 995 197 nnn.
1012 150 1071 196 vn.

125 302 221 362 miliae
232 300 360 363 bremter
371 302 516 378 attingam.
551 303 610 385 Qui
625 305 732 380 primus
745 301 1118 382 Sulpiciorum'oognomen

126 385 235 448 Galbae
246 385 309 444 tulit
320 403 371 445 cur
382 395 430 445 aut
442 385 516 444 unde
528 388 658 462 traxerit,
671 387 832 464 ambigitur.
868 386 987 462 Quidam
1005 395 1116 466 putant,

125 469 203 550 qnod
215 469 352 547 oppidum
360 468 515 547 Hispaniae
527 469 633 530 frustra
645 470 692 530 din
704 481 900 549 oppugnatum
906 471 994 530 inlitis
1002 470 1116 530 demum
1221 531 1229 556 ,

48 567 52 576 ’
124 553 250 632 galbano
262 552 375 613 facibus
387 551 584 623 succenderit3
598 554 663 630 alii,
678 553 755 632 quod
766 557 795 614 in
812 555 940 616 diuturna
958 553 1117 615 valitudine
1220 557 1229 598 l

124 637 249 716 galbeo,
262 636 291 695 id
302 646 347 697 est
358 637 493 696 remediis
504 636 570 696 lana
583 637 737 716 involutis,
751 638 870 700 assiduo
883 648 1026 708 uteretur;
1044 654 1140 700 non-c
1229 686 1230 718 ,

123 721 205 799 nulli,
219 719 296 798 quod
304 721 494 801 praepinguis
500 712 680 799 fueritvisus,
693 739 778 801 quem
789 721 903 800 galbam
911 722 984 784 Galli
991 731 1116 790 roccum
1229 729 1230 798 ἴ

124 805 172 865 vel
189 813 300 881 contra,
313 804 391 882 quod
402 814 459 864 tarn
467 805 563 882 exilis,
575 823 660 884 qnam
671 815 736 868 sunt
748 805 880 868 animalia
890 823 963 884 quae
973 807 1001 866 ia
1013 823 1114 866 aesca·
1229 803 1230 826 ³

74 886 77 890 ’
123 889 160 949 lis
172 897 326 948 nascuntur
338 889 579 968 appellanturque
592 891 708 966 galbae.
728 889 876 954 Familiam
887 889 1114 950 illustravitSer·
1229 879 1230 964 l

123 975 188 1033 vius
202 971 291 1032 Galba
302 971 653 1050 consularis,temporum
671 989 786 1034 snorum
802 983 833 1033 ct
851 973 1113 1051 eloquentissimus,
1229 993 1230 1020 r

125 1074 211 1134 quem
223 1054 336 1116 tradunt
346 1054 511 1133 Hispaniam
525 1075 562 1115 eu
579 1068 715 1136 praetura
727 1059 920 1136 eminentem,
931 1058 1049 1136 trig'nrta
1059 1056 1113 1116 Lu·
1125 1075 1149 1115 ro
1229 1121 1230 1130 ,

124 1141 280 1199 sitanorum
290 1137 407 1199 milibus
417 1139 538 1218 pertidia
558 1142 720 1219 trucidatis,
738 1141 889 1221 Viriathini
912 1141 982 1202 belli
1000 1157 1116 1200 causam

125 1223 264 1282 extitisse.
307 1221 378 1282 ilius
394 1241 489 1302 nepos
508 1223 546 1282 ob
563 1226 709 1304 repulsam
726 1225 891 1288 consulatus
901 1223 1115 1286 infensuslulio

125 1306 255 1383 Caesari,
270 1308 349 1387 cuius
360 1307 475 1384 legatus
486 1307 615 1368 initallia
625 1311 731 1387 iuerat,
744 1309 922 1388 conspiravit
933 1327 997 1369 oum
1010 1307 1114 1368 bassio

124 1400 154 1451 et
164 1391 263 1467 Bruto,
277 1391 486 1470 propterquod
500 1390 590 1451 Pedia
600 1392 668 1471 lege
680 1393 827 1454 damnatus
839 1402 892 1452 est.
911 1393 957 1454 ub
974 1391 1032 1452 boc
1050 1399 1116 1450 sunt

123 1475 307 1554 imperatoris
326 1474 435 1535 Galbae
444 1492 527 1535 arns-
536 1493 571 1537 ac
589 1487 686 1556 pater:
704 1495 775 1538 avus
794 1477 899 1538 clarior
917 1475 1017 1538 studiis
1030 1492 1150 1553 quamue

124 1559 263 1635 dignitate
277 1560 350 1638 (non
362 1557 437 1618 enim
453 1576 592 1635 egressus
604 1570 758 1639 praetruae
776 1557 911 1639 gradum)
927 1559 1117 1638 multiplicem

123 1641 1115 1723 necinouriosambistoriarnedidit3paterconsulatuiuuctus,quam·
1229 1677 1230 1682 κ

125 1743 209 1804 mmm
221 1724 302 1784 brevi
313 1742 449 1804 empore,
460 1735 546 1804 atque
559 1730 644 1790 etiam
656 1729 769 1807 gibber,
780 1727 971 1808 modicaeque
981 1727 1115 1788 iudicen-

123 1807 161 1869 do
173 1809 331 1886 facultatis,
344 1827 446 1871 causas
457 1810 595 1871 industrie
612 1816 749 1874 actitavit.
776 1813 894 1875 Uxores
910 1811 1009 1874 babuit
1024 1811 1122 1884 mum

122 1895 207 1955 miam
217 1894 385 1972 Achaicam,
396 1904 514 1973 neptem
526 1894 626 1963 Catuli
635 1890 912 1978 proneptemqueb.
928 1897 1052 1973 Mummi,
1065 1897 1150 1973 quino
1230 1958 1231 1975 ἶ

124 1975 291 2039 Corinthum
303 1978 410 2040 excidit
416 2003 424 2049 ;
441 1982 510 2039 item
526 1981 634 2043 Liviam
652 1982 809 2044 Ocellinam
822 1982 909 2043 ditem
921 1980 1071 2043 admodum
1085 1988 1116 2039 et
1230 2004 1231 2007 ¹

123 2061 280 2140 pulchram,
295 2080 380 2141 aqua
391 2072 486 2123 tamen
498 2064 656 2127 nobilitatis
669 2084 754 2133 causa
766 2067 913 2146 appetitus
925 2066 1001 2125 ultro
1015 2064 1114 2125 existi-

122 2153 224 2221 matur,
241 2154 270 2203 et
281 2145 429 2223 aliquanto
442 2148 554 2209 enixius
565 2160 633 2228 post
648 2168 731 2229 quarn
748 2149 868 2211 subinde
884 2150 1000 2209 instanti
1017 2149 1116 2207 vitium

123 2228 259 2304 corporis
270 2236 387 2290 secreto
399 2232 494 2308 posita
505 2242 588 2292 veste
600 2233 719 2311 detexit,
731 2251 768 2295 ne
780 2235 860 2312 quasi
872 2234 1000 2311 ignaram
1009 2232 1115 2294 lallare

123 2310 280 2370 videretur.
308 2310 355 2371 Ex
363 2311 492 2373 Achaica
505 2314 615 2377 liberos
628 2316 726 2379 Gaium
740 2326 770 2377 et
786 2319 918 2383 Serrium
934 2316 1150 2397 procrearitas

124 2410 245 2474 quorum
256 2395 348 2455 maior
363 2394 449 2456 Gaius
460 2399 563 2458 attritis
575 2398 758 2461 facultatibus
770 2401 843 2463 urbe
861 2403 965 2479 cessit,
985 2398 1114 2479 probibi-

123 2489 228 2557 tusque
247 2496 265 2622 p
282 2478 399 2539 Tiberio
414 2481 513 2541 sortiri
524 2500 604 2545 anno
624 2501 676 2546 suo
694 2486 931 2563 proconsulatum
952 2484 1114 2545 voluntaria

122 2571 245 2624 morteo
267 2563 308 2623 iit.
422 2594 426 2599 =
831 2614 833 2622 .
1057 2576 1059 2581 ·

68 2695 71 2706 .
94 2658 112 2710 4
183 2648 247 2707 Ser.
265 2646 357 2708 Galba
372 2647 444 2726 lurp.
462 2649 501 2711 ll.
518 2651 638 2712 Valerio
657 2652 799 2731 Messala,
819 2653 879 2715 GN.
896 2653 1017 2715 Lentulo
1029 2669 1113 2712 cons.
1230 2646 1231 2713 3

123 2739 206 2790 natos
223 2740 269 2791 est
280 2731 372 2794 vlttt.
388 2732 508 2794 [illan.
522 2736 631 2797 invilla
645 2737 714 2805 colli
728 2739 912 2817 superposita
931 2755 1025 2817 prope
1041 2736 1113 2798 Ter·
1124 2742 1150 2784 ³⁰

122 2813 263 2889 metuam,
282 2817 464 2877 sinistrorsus
476 2818 593 2879 Fundos
606 2821 785 2898 petentibus,
804 2822 1015 2901 adoptatusque
1031 2836 1113 2880 ano-

123 2911 211 2953 verea
223 2912 275 2955 sna
285 2896 346 2957 Livi
354 2917 458 2963 nomen
470 2911 500 2961 et
510 2902 630 2963 Ocellare
642 2921 805 2981 cognomen
818 2907 987 2985 assumpsit,
1005 2912 1114 2965 mutato
1228 2968 1231 2979 Ι

124 2978 326 3055 praenomine;
342 3000 407 3043 nam
422 2984 539 3047 Luciam
553 3003 623 3047 mox
642 3005 696 3065 pro
715 2989 818 3051 Servio
834 3008 868 3051 us
890 3008 926 3051 uo
945 2989 983 3051 ad
999 2998 1114 3066 tempus

120 3060 236 3158 'imperii
254 3069 412 3140 usurparit.
442 3067 563 3130 Constat
572 3070 734 3147 Angustum
751 3090 842 3151 puero
860 3008 963 3151 abhuc,
979 3074 1114 3135 salutanti

124 3159 157 3203 se
172 3147 613 3245 internequales,‘apprebensa
629 3154 752 3219 buccula
771 3157 895 3219 dixisse:
914 3150 981 3219 Καὶ
997 3144 1041 3217 od
1058 3150 1114 3217 'uc'-
1124 3170 1152 3211 as

123 3244 208 3287 κνθν
224 3246 281 3325 tlte
297 3222 398 3327 ἀρχῆς
408 3232 502 3309 ημῶν
519 3228 726 3319 παροτροὶξῃ.
760 3240 818 3302 Sed
839 3251 869 3303 et
882 3241 1028 3319 Tiberius,
1049 3258 1115 3301 cum

125 3321 317 3390 comperisset
328 3323 530 3391 imperaturum
541 3338 605 3381 enm
616 3324 755 3383 verumin
771 3335 898 3401 senecta,
917 3324 1010 3387 Vicat
1023 3340 1113 3398 sanc,

17 3479 23 3484 ι
55 3436 61 3456 ,
124 3392 179 3473 ait,
195 3393 320 3474 pucado
332 3395 366 3455 id
376 3395 421 3457 cd
432 3415 491 3458 noo
503 3402 580 3463 nibil
586 3406 739 3482 pertinet!
764 3408 830 3469 Avo
844 3425 963 3488 quoque
978 3411 1041 3483 eius
1057 3407 1115 3467 iul·
