2475 3775
86 188 89 192 ⁸
128 169 191 232 212
212 179 244 229 c.
259 169 1055 237 susronrnnsno.osvrrscsnsnnuunm.v11.

128 420 242 480 ratione
254 420 337 496 quad
348 426 449 497 raptus
461 417 499 477 de
511 415 630 496 publico
642 426 673 477 et
685 419 838 496 suscipere
848 418 1000 494 imperium
1014 416 1044 474 vi
1063 433 1132 475 coa·

129 511 194 564 ctus
207 511 404 580 gesturusque
421 502 566 562 communi
581 503 707 562 omnium
724 500 862 579 arbitrio,
882 500 1024 561 Palatium
1047 501 1131 578 pent.
1215 556 1222 561 .

129 587 176 646 Ac
187 603 276 665 super
287 595 403 647 ceteras
414 585 618 664 gratulantium
630 585 862 664 adulantiumque
873 583 1028 645 blanditias
1040 583 1077 644 ab
1089 586 1130 643 in·

129 673 195 734 lima
208 669 298 749 plebe
309 670 477 750 appellatos
487 669 584 747 Nero,
596 671 705 731 nullum
718 669 854 730 indicium
865 671 1028 728 recusantis
1040 667 1152 744 dedit,⁵

129 758 235 831 immo,
249 764 281 815 ut
295 754 410 832 quidam
429 753 624 831 tradiderunt,
644 757 730 814 etiam
747 753 953 834 diplomatibus
966 755 1130 832 ¹primisque
1216 780 1218 817 ι

130 839 264 920 epistulis
280 840 343 899 suis
353 838 390 900 ad
402 837 545 916 quosdam
555 841 770 918 provinciarum
782 838 933 918 praesides
944 837 1072 898 Neronis
1082 854 1129 896 co·
1216 830 1218 843 '

130 941 257 1002 gnomen
268 923 385 983 adiecit.
407 920 497 982 Certe
506 931 538 982 et
548 924 691 1000 imagines
698 931 865 1002 statuasque
873 925 937 983 eius
947 923 1052 1000 reponi
1064 939 1128 1001 pas·
1212 872 1218 1011 Ι

100 359 119 415 q
192 333 268 394 lleiu
278 342 421 411 vergente
433 334 490 393 iaur
499 331 547 392 die
558 334 711 410 ingressus
724 287 867 411 senatum,
879 333 1035 411 positaque
1046 329 1133 391 brevi
1203 282 1220 580 j

130 1026 181 1068 sus
197 1016 243 1067 est
254 1015 285 1066 et
299 1015 508 1085 procuratores
520 1015 607 1086 atque
622 1006 744 1068 libertos
760 1007 795 1068 ad
811 1005 915 1066 eadem
932 1006 1032 1066 cilicia
1045 1023 1128 1066 revo-
1213 1035 1219 1059 t

132 1092 219 1166 cavit,
230 1107 286 1150 uec
298 1091 451 1168 quicquam
463 1090 544 1170 prius
555 1108 610 1170 pro
623 1099 769 1170 potestate
777 1089 950 1170 subscripsit
957 1107 1042 1170 quarn
1050 1092 1128 1168 quin·
1138 1098 1159 1139 ¹⁰

130 1175 248 1251 gentica
258 1176 424 1234 sestertium
437 1174 475 1234 ad
487 1175 684 1254 peragendam
696 1174 823 1236 Auream
833 1175 956 1236 domum.

191 1257 304 1318 Dicitur
320 1277 356 1319 ea
367 1268 520 1339 nocte‘per
532 1262 659 1338 quictem
670 1260 842 1338 pavefactus
853 1262 978 1337 gemitus
991 1259 1131 1318 maximos

132 1341 277 1420 edidisse,
292 1353 486 1425 repertusque
499 1363 517 1404 a
531 1343 772 1404 concursantibus
790 1343 867 1403 bumi
882 1353 949 1404 ante
966 1342 1074 1402 lectum
1092 1343 1131 1400 ia·

132 1445 220 1504 cens,
234 1445 288 1506 per
298 1430 395 1489 omnia
407 1428 587 1507 piaculorum
598 1445 709 1506 genera
719 1427 821 1488 blanes
833 1427 958 1504 Galbae,
973 1446 992 1488 a
1010 1443 1069 1505 quo
1082 1425 1131 1485 de·

131 1510 240 1573 turbari
251 1511 422 1591 expellique
437 1531 471 1572 sc
480 1511 609 1589 viderat,
628 1512 787 1592 propitiare
800 1521 974 1591 temptasses
990 1509 1132 1590 postridie
1141 1517 1163 1558 ¹⁵

133 1613 249 1675 quoque
261 1597 290 1654 in
302 1595 469 1673 augurando
476 1604 649 1676 tempestate
658 1605 722 1658 orta
732 1597 862 1674 graviter
870 1595 1034 1675 prolapsum
1047 1593 1132 1652 ideu-

132 1678 220 1740 tidem
232 1677 481 1740 obmurmurasse:

243 1761 286 1824 Τί
296 1754 361 1844 γάρ
370 1747 428 1843 por
439 1757 496 1826 καὶ
506 1769 648 1845 μακροῖς
659 1753 794 1840 αὕλόῐς;

104 1863 122 1919 a
192 1847 252 1909 Sub
269 1846 345 1910 idem
363 1866 435 1909 vero
451 1858 565 1930 tempus
585 1848 797 1913 Germaniciani
813 1849 961 1910 exercitus
982 1849 1011 1908 in
1029 1845 1134 1908 Vitelli

132 1931 224 1994 rerba
235 1934 370 1995 iurarant.
409 1932 495 2007 Quod
505 1943 536 1994 ut
547 1935 700 2013 comperit,
713 1942 816 1995 auctor
825 1936 939 1994 senatui
950 1933 1004 1993 fuit
1018 1933 1132 1993 mitten·
1141 1948 1164 1990 m

133 2016 188 2079 dae
201 2017 369 2094 legationis,
383 2035 459 2096 quae
470 2018 592 2080 doceret
603 2019 730 2078 electum
744 2020 800 2078 iam
811 2020 990 2098 principem,
1004 2018 1134 2095 quietem
1220 2012 1221 2021 ’

133 2109 164 2163 et
180 2100 366 2161 concordiam
379 2101 530 2172 suaderet;
552 2112 582 2162 et
594 2112 689 2163 tamen
702 2121 755 2182 per
770 2103 1008 2162 internuntiosac
1019 2102 1133 2161 litteras

133 2190 299 2244 consortem
310 2179 921 2265 imperiigenerumqucseVitelliooptulit.
937 2183 1133 2247 Vernmbaud

133 2264 220 2327 dubio
234 2263 326 2343 bello,
338 2269 452 2346 iamque
464 2268 586 2329 ducibus
597 2279 628 2328 et
640 2272 733 2348 copiis
746 2269 960 2351 quasVitelllus
972 2268 1131 2350 praemise-

132 2360 177 2411 rat
187 2350 497 2431 appropinquantibus,
510 2354 631 2413 animum
643 2354 788 2432 iidemque
800 2372 872 2432 erga
884 2370 917 2414 se
932 2354 1132 2435 praetoriano
1140 2368 1164 2411 rt

131 2453 194 2497 rum
206 2452 302 2515 paene
313 2437 512 2497 internecione
526 2436 694 2514 amplissimi
705 2438 817 2499 ordinis
829 2448 970 2519 expertus
982 2447 1037 2499 est.
1067 2435 1132 2497 Pla·

133 2529 234 2581 cuerat
246 2538 301 2599 per
317 2520 485 2587 classiarios
500 2538 579 2581 arma
595 2522 746 2584 transferri
761 2525 925 2602 remittique
938 2522 1078 2590 navibus;
1098 2538 1133 2581 ea
1219 2572 1220 2593 ,

135 2624 200 2665 cunr
210 2608 239 2665 iu
255 2606 359 2667 castris
372 2604 427 2666 sub
436 2615 554 2667 noctem
560 2600 771 2687 promerentur,
784 2606 902 2667 insidias
915 2606 1131 2686 quidamsuspi·

134 2690 190 2749 cati
201 2690 350 2765 tumultum
363 2690 579 2760 excitaverunt3
592 2708 629 2751 ac
639 2701 762 2772 repente
770 2690 957 2752 omnesnullo
966 2698 1048 2751 certo
1056 2688 1132 2751 duce

133 2773 164 2829 in
176 2771 314 2834 Palatium
332 2785 522 2837 cucurrerunt
542 2774 662 2837 caedem
672 2786 789 2837 senatus
801 2776 978 2853 flagitantes,
990 2772 1131 2858 repulsis·
1141 2794 1166 2836 ao

135 2869 190 2930 que
203 2855 390 2937 tribunorum,
406 2861 452 2939 qui
463 2858 594 2920 inhibere
604 2860 794 2939 temptabant,
807 2860 953 2923 nonnullis
967 2868 997 2919 et
1011 2860 1132 2934 occisis,

135 2937 178 2996 slo
188 2944 220 2995 ut
230 2950 312 3000 erant
327 2947 449 3020 cruenti,
460 2942 575 3006 ubinam
590 2945 749 3023 imperator
764 2954 845 3005 esset
859 2946 1053 3025 requirentes,
1064 2960 1134 3022 per·

134 3031 273 3099 ruperunt
284 3025 312 3082 in
324 3027 480 3088 triclinium
490 3046 595 3107 usque,
607 3046 664 3088 nec
673 3031 730 3089 uisi
742 3032 807 3089 viso
819 3029 1002 3090 destiterunt.

199 3102 423 3183 Expeditionem
433 3122 529 3172 autem
539 3114 656 3192 inpigre
669 3122 754 3193 atque
767 3114 853 3173 etiam
869 3129 1071 3194 praepropere
1090 3111 1135 3170 iu-

135 3187 262 3266 oboavit,
274 3190 398 3252 nullane
410 3196 584 3272 religionum
595 3197 711 3276 quidem
722 3216 801 3275 cura,
814 3197 867 3258 sed
879 3194 1171 3259 samotisneodumc
1217 3174 1218 3209 ¹

135 3273 259 3335 conditis
273 3274 426 3353 ancilibus,
438 3279 533 3357 (quod
546 3281 701 3359 antiquitus
715 3282 867 3355 infaustum
879 3280 1060 3360 habeantet
1072 3278 1138 3357 die,

135 3375 193 3435 quo
201 3358 330 3421 cultores
337 3359 421 3421 deum
427 3361 527 3423 blatris
534 3364 684 3425 lamentari
689 3375 719 3427 et
728 3367 869 3447 plangere
876 3366 1032 3445 incipiunt;
1046 3382 1138 3443 prae-

134 3448 217 3504 terea
226 3443 437 3507 adversissimis
449 3446 596 3527 auspiciis.
618 3448 692 3511 Nam
704 3459 734 3511 et
742 3452 858 3511 victima
869 3449 928 3511 biti
948 3448 1023 3530 patri
1042 3464 1140 3509 caesa
1216 3466 1217 3495 t
